3294 5132
1309 431 1349 493 25

176 605 252 672 οίὸν
275 602 516 690 Τειιιακράτοος
542 605 727 689 Λαμπρίαν,
750 595 842 687 ἥρωα
864 602 1097 687 superscriptus
1120 604 1190 666 erat
1213 599 1351 666 decretis

177 713 238 776 937
273 703 487 795 (ἁναθεῐν[αι]
518 707 552 774 δὲ
581 707 636 771 καὶ
669 698 869 791 ἀνδριάντας
899 697 1007 769 αὐτοῦ
1037 703 1074 768 ἐν
1191 701 1254 790 τὴν
1284 701 1351 766 ἐπι-

177 809 307 898 γραφὴν
335 807 470 894 ἔχοντας
496 809 632 875 eandem
659 829 754 892 quarn
781 809 837 873 ille
863 808 976 873 titulus
1000 806 1111 892 habet)
1135 811 1168 871 et
1190 807 1252 870 938
1278 804 1352 888 „ubi

179 915 274 998 culpa
298 913 460 998 lapicidae
482 912 650 996 Epidaurii
677 911 877 976 tritissimum
905 901 1021 996 ἀρετῆς
1044 905 1156 974 ἕνεκεν
1178 928 1235 992 pro
1257 901 1353 991 ἥρωα

179 1022 345 1082 exaratum
378 1017 456 1080 est“.
508 1015 552 1080 Ut
586 1019 694 1080 cetera
727 1014 876 1097 exempla
907 1012 1175 1097 praetermittam,
1208 1031 1291 1094 quae
1320 1010 1351 1073 in

178 1119 281 1184 libelli
303 1119 375 1200 mei,
397 1139 490 1201 quem
517 1117 743 1198 „Grieohische
765 1115 1081 1181 Ehreninsehrilten“
1107 1115 1263 1197 inscripsi,
1287 1113 1353 1196 epi-

179 1223 251 1306 logo
274 1221 424 1301 invenies,
448 1220 685 1303 inscriptionem
700 1219 778 1302 Syll.
791 1220 853 1283 686
873 1217 925 1301 (cf.
942 1217 999 1282 On.
1012 1215 1121 1301 salet)
1137 1234 1354 1296 commemoro,

179 1325 212 1388 in
235 1323 324 1388 cuius
346 1319 456 1406 lapide
477 1313 631 1386 Ἠλείων
652 1317 828 1408 ψήφισμα
851 1321 1042 1401 continetur,
1065 1317 1151 1402 quod
1173 1318 1225 1382 his
1246 1317 1353 1382 verbis

179 1427 378 1491 terminatur:
405 1427 618 1509 τετειμῆοθαι
645 1423 680 1487 δὲ
699 1421 845 1503 Ῥοῦφον
871 1423 1025 1508 πολιτείᾳ
1051 1421 1107 1485 καὶ
1130 1419 1355 1502 ἐπιτραπῆναι

181 1527 274 1613 αὐτῷ
299 1520 474 1592 ἀναθεῖναι
496 1516 678 1608 ἀνδρίάντα
699 1525 754 1590 ἐπὶ
770 1529 827 1612 τῆς
842 1519 1016 1608 Ὀλυμπίας
1031 1519 1219 1609 ἐπιγραφὴν
1235 1518 1353 1605 ἔχοντα

180 1624 241 1717 τὴν
262 1628 588 1714 αρογρεγραμμὲνην,
606 1649 693 1711 quae
716 1629 763 1692 ita
785 1649 820 1693 se
843 1628 955 1692 habet:
980 1626 1010 1692 Ὀ
1033 1623 1203 1707 νεωκόρος
1226 1629 1353 1707 Σμυρ-

182 1734 304 1796 ναίων
320 1733 423 1815 δῆμος
442 1732 590 1813 Τιβέριον
610 1727 780 1796 Κλαύδιον
794 1733 944 1810 Ροῦφον,
967 1728 1029 1793 τὸν
1045 1725 1167 1794 ἑαυτοῦ
1182 1727 1354 1811 ποίείτην,

181 1830 286 1918 ἄνδρα
307 1834 563 1918 πλειοιονείκην
585 1837 658 1896 κτλ.
675 1831 844 1916 ίτείμηοεν
866 1831 989 1896 ἐκτῶν
1005 1830 1110 1909 ἰδίων,
1134 1825 1265 1905 καθώς
1288 1828 1354 1891 καὶ

180 1930 325 2002 Ἠλεῖοι.

266 2039 356 2116 Quae
383 2058 454 2103 cum
476 2038 642 2122 inscriptio
664 2037 834 2103 honoraria
856 2037 994 2102 ineuntis
1017 2037 1058 2100 ΙΙ.
1080 2055 1104 2100 s.
1119 2056 1149 2118 p.
1165 2035 1238 2100 Chr.
1253 2055 1282 2098 n.
1304 2033 1354 2115 sit,

182 2148 308 2206 ceterae
338 2141 432 2206 huius
461 2141 588 2224 generis
618 2158 726 2205 omnes
756 2145 830 2204 ante
860 2144 1000 2204 aetatem
1027 2140 1203 2202 Romanam
1229 2136 1354 2220 positae

181 2248 263 2323 sunt,
292 2243 448 2326 plurimae
478 2263 503 2308 c.
516 2245 578 2307 200
608 2249 683 2307 ante
706 2242 823 2307 Obrn.
867 2242 948 2304 Tum
978 2261 1054 2323 ergo
1084 2240 1292 2321 magistratus
1322 2243 1355 2301 et

181 2338 375 2411 destiterunt
412 2344 542 2410 decreta
584 2345 753 2409 honoraria
793 2343 935 2409 incidere
976 2347 1009 2406 et
1049 2363 1105 2426 pro
1142 2342 1182 2405 iis
1218 2341 1354 2404 minores

182 2447 466 2514 titulosinducere
489 2448 663 2512 voluerunt.
701 2449 745 2512 Ut
767 2466 892 2530 semper
914 2447 945 2508 in
968 2445 1059 2509 novis
1082 2444 1176 2508 rebus
1199 2443 1354 2526 iucipien-

181 2551 267 2615 tibus
297 2549 345 2629 lit,
378 2550 513 2632 pristina
546 2550 726 2612 inveteraut
755 2555 853 2630 atque
883 2568 953 2611 cum
983 2547 1074 2610 novis
1104 2545 1361 2611 commiscentur,

182 2654 248 2716 lta
281 2650 528 2734 discrepantiam
562 2651 737 2715 voluntatis
770 2658 803 2714 et
836 2649 927 2730 facti,
965 2647 1063 2731 quod,
1097 2666 1288 2730 quamquam
1322 2647 1354 2708 in

182 2753 290 2838 lapide
322 2754 450 2817 titulum
477 2753 577 2817 solum
608 2751 708 2818 incidi
737 2750 866 2817 decreto
896 2753 1015 2816 iussum
1046 2757 1128 2830 erat,
1157 2754 1265 2813 tamen
1294 2747 1354 2812 hoc

181 2857 284 2940 ipsum
321 2857 435 2920 iterum
473 2855 601 2938 saepius
635 2875 697 2919 una
731 2874 801 2918 cum
835 2854 929 2918 titulo
963 2852 1178 2930 incidebatur,
1215 2849 1354 2914 enodare

161 2958 287 3022 avelim.
339 2953 464 3022 Titulos
497 2963 603 3021 autem
638 2978 679 3022 ex
709 2961 817 3021 aetate
847 2958 991 3020 Romana
1020 2956 1121 3020 vicem
1155 2952 1354 3018 decretorum

183 3061 423 3125 bonorificorum
442 3061 474 3122 iu
491 3058 560 3124 dies
576 3059 678 3141 magis
694 3060 841 3142 gessisse,
864 3079 935 3124 cum
956 3059 1066 3122 horum
1087 3056 1264 3120 imminutio
1287 3059 1354 3118 tum

182 3163 348 3227 titulorum
378 3162 557 3246 progressio
580 3163 871 3242 incrementumque
894 3160 1126 3224 demonstrant:
1160 3160 1220 3222 Per
1243 3155 1353 3222 decem

183 3265 325 3345 saecula,
355 3285 375 3328 a
398 3265 433 3328 V.
449 3284 472 3328 s.
495 3284 522 3328 a.
538 3263 611 3328 Cbr.
626 3285 655 3326 n.
678 3261 720 3326 ad
742 3264 775 3327 V.
792 3284 821 3346 p.
838 3262 909 3327 Chr.
926 3284 963 3344 n,
985 3262 1098 3326 titulus
1128 3261 1314 3325 honorarius
1336 3279 1354 3322 e

183 3367 353 3450 principali
380 3367 488 3431 votivo
516 3355 548 3448 (ὁ
571 3366 663 3429 δεῖνα
685 3362 747 3428 τὸν
770 3364 860 3428 δεῖνα
884 3355 1076 3449 ἀνέθηκεν),
1103 3383 1174 3428 cunr
1196 3361 1355 3426 vocabula

184 3474 219 3533 ut
246 3465 351 3532 εἰκόνι
377 3469 433 3532 καὶ
460 3465 624 3550 στεφάνῳ,
656 3467 788 3548 indicia,
818 3488 879 3549 quo
909 3467 991 3548 loco,
1021 3487 1082 3549 quo
1104 3473 1246 3549 tempore
1269 3463 1355 3528 tituli

183 3571 282 3654 positi
303 3579 385 3651 sunt,
408 3570 482 3652 alia,
504 3590 587 3652 quae
609 3571 642 3632 in
664 3570 742 3638 aliis⁴
760 3569 920 3652 capitibus
943 3568 1131 3651 disceptari,
1153 3589 1193 3632 ex
1217 3565 1355 3631 decretis

184 3672 216 3735 in
245 3672 356 3737 titulos
385 3671 542 3736 translata
571 3670 774 3746 accederent,
804 3672 872 3755 ipse
900 3670 1099 3735 decretorum
1125 3669 1355 3748 vicefunctus,

184 3774 347 3840 decretum
371 3775 475 3839 factus
497 3781 547 3840 est
569 3778 772 3840 contractum.
