3294 5132
1335 417 1355 480 9

183 592 235 655 44.
263 589 487 672 Mitteilungeu
521 587 579 655 des
614 588 790 655 deutschen
824 588 1108 672 archtologisehcn
1138 588 1287 653 Instituts
1324 588 1356 652 in

285 692 400 758 Athen.
446 693 583 775 rsuosq.
628 691 715 776 (Ate.
738 690 792 776 M.)
830 745 832 747 .

184 797 236 860 45.
258 799 430 860 Μουσεῖον
467 795 523 858 καὶ
560 791 761 880 βιβλιοθήκη
798 795 856 878 τῆς
894 792 931 858 ἐν
968 789 1110 876 Σμύρνῃ
1146 783 1358 878 εὖαγγελικῆς

286 898 415 983 σχολῆς.
460 895 593 979 (Μουσ.)

185 1001 235 1064 46.
263 999 374 1063 Revue
396 997 652 1082 archdologique.
696 997 786 1081 (Rev.
802 998 902 1082 arch.)

184 1103 234 1166 47.
264 1102 373 1165 Revuc
399 1099 459 1165 des
481 1099 595 1166 dtudes
621 1120 784 1185 grecques.
828 1101 919 1165 Paris
944 1101 1025 1165 1888
1035 1120 1080 1182 sq.
1124 1098 1214 1184 (Rev.
1239 1099 1279 1165 st.
1299 1100 1356 1183 gr.)

185 1205 235 1268 48.
258 1203 551 1286 Sitzungsbericlrte
587 1201 643 1267 der
673 1203 800 1286 Kdnigl.
830 1202 1057 1268 Preulsischen
1087 1201 1266 1267 Akademie
1300 1201 1358 1266 der

288 1304 568 1371 wissenschaften.
613 1303 763 1389 (Sitzgsb.
785 1305 861 1388 Brl.)
922 1333 927 1341 ·
1091 1295 1094 1302 ’

271 1580 348 1643 Cum
372 1597 579 1656 nouaclum,
606 1577 660 1660 qui
683 1577 810 1660 legunt,
839 1578 969 1642 minoris
991 1577 1134 1660 intersit,
1164 1598 1227 1660 qua
1251 1577 1358 1642 viaet

184 1680 307 1745 ratione
322 1678 365 1744 ad
376 1679 460 1745 hanc
476 1679 639 1744 materiem
653 1677 883 1763 disponendam
897 1699 972 1746 usus
987 1681 1055 1762 sim,
1067 1680 1178 1746 titulos
1189 1685 1358 1764 congestos

185 1789 339 1847 terrarum
362 1781 474 1847 ordine
496 1802 516 1846 a
538 1803 589 1846 mc
611 1790 812 1846 enumeratos
835 1802 905 1847 csse
932 1803 1059 1866 moneo,
1089 1803 1173 1866 curn,
1202 1781 1288 1866 quod
1314 1780 1357 1848 ad

185 1885 324 1949 Graecos
353 1884 485 1966 attinet,
516 1884 696 1948 summatim
727 1882 870 1949 ordinem
894 1885 944 1956 ¹ab
971 1884 1138 1950 academia
1160 1884 1357 1950 Berolinensi

184 1989 216 2050 in
255 1986 543 2071 „inscriptionibus
580 1987 737 2052 Graecis“
776 1986 958 2052 adhibitum
999 1989 1144 2072 exceptis
1183 1987 1357 2053 insularum

185 2089 289 2153 titulis
316 2094 444 2153 secutus
471 2089 539 2154 sim.
582 2089 695 2154 Thasii
718 2095 825 2154 autem
849 2109 1004 2155 unacum
1028 2089 1176 2156 Thraciis
1198 2094 1232 2156 et
1253 2091 1357 2156 Mace-

184 2190 307 2258 donicis
340 2191 438 2257 iuncti
473 2196 561 2272 sunt,
598 2211 669 2256 cum
700 2186 785 2255 inter
818 2192 931 2256 harum
964 2198 997 2257 et
1030 2193 1156 2258 illarum
1193 2193 1357 2277 regionum

184 2292 337 2358 formulas
370 2312 544 2376 permagna
577 2292 620 2357 sit
652 2292 837 2358 similitudo.
897 2293 996 2359 Delus
1028 2292 1160 2378 perinde
1193 2300 1291 2378 atque
1324 2294 1357 2357 in
1440 2301 1443 2307 '

186 2395 468 2479 „inscriptionibus
492 2394 642 2460 Graecis“
668 2416 688 2460 a
709 2416 760 2460 me
783 2396 887 2460 solute
909 2401 1050 2462 tractata
1072 2401 1134 2478 est,
1162 2417 1232 2462 cum
1256 2397 1357 2462 forma

182 2497 286 2561 titulis
310 2498 427 2562 votivis
449 2497 612 2561 simillima
634 2499 675 2561 ab
699 2499 814 2572 ceteris
837 2498 949 2564 insulis
973 2499 1078 2583 Cypro
1101 2505 1239 2584 excepta
1262 2497 1358 2564 valde

183 2599 313 2664 differat
343 2600 520 2681 meliusque
550 2619 620 2664 cum
650 2599 724 2664 aliis
750 2601 828 2666 locis
855 2603 954 2666 sacris
982 2607 1017 2666 ut
1043 2601 1192 2685 Delphis,
1221 2601 1357 2668 Dodona

183 2707 311 2785 praeter
338 2701 478 2785 Cyprum
506 2701 548 2766 sit
575 2701 777 2766 conferenda.
823 2703 940 2774 Contra
966 2723 1141 2769 sermonem
1169 2724 1357 2790 comparans

183 2810 216 2867 et
249 2804 379 2868 orientis
410 2809 443 2868 et
472 2802 649 2869 occidentis
679 2805 818 2888 regionis
848 2806 969 2870 insulas
999 2807 1136 2887 seiunxi,
1170 2826 1242 2872 cum
1270 2807 1357 2872 insu-

182 2906 294 2986 larum,
317 2926 400 2988 quae
422 2904 510 2970 haud
532 2906 598 2972 scio
619 2928 658 2971 an
680 2907 839 2992 quondam
857 2909 997 2972 Atticam
1019 2914 1052 2973 et
1070 2907 1248 2973 Euboidem
1269 2929 1356 2974 oram

183 3008 275 3090 quasi
303 3009 571 3090 continuaverint,
598 3009 682 3072 tituli
707 3011 843 3074 sermoni
866 3010 1058 3076 continentis
1080 3011 1236 3077 Graeciae
1258 3012 1357 3077 simil-

182 3110 251 3173 limi
287 3110 364 3190 sint,
400 3112 432 3173 in
469 3110 573 3174 titulis
610 3117 718 3175 autem
754 3111 797 3176 ad
835 3112 988 3176 orientem
1022 3112 1220 3196 vergentium
1254 3133 1356 3180 sermo

184 3212 398 3275 Asiaticarum
428 3212 592 3294 regionum
623 3201 770 3297 proprius¹
799 3213 965 3279 evidenter
994 3216 1136 3299 patefiat.
1188 3215 1357 3282 Cretenses

183 3313 295 3377 titulos
317 3314 511 3395 honorarios,
533 3334 603 3379 cum
627 3335 735 3382 rursus
758 3316 883 3381 illorum
906 3317 1149 3382 similitudinem
1171 3319 1356 3403 praebeant,

45 3430 48 3437 ·
185 3435 256 3480 cum
279 3415 391 3481 insulis
414 3417 545 3482 orientis
568 3419 728 3500 coniunxi,
751 3424 787 3483 ut
808 3420 861 3484 hic
884 3419 961 3484 ordo
985 3420 1192 3504 efficiatum)

184 3552 293 3617 Attica
320 3552 411 3636 (Anu.
433 3575 463 3617 u.
486 3555 510 3618 Ι.
527 3555 564 3620 G.
585 3555 689 3639 suppl.
711 3577 740 3639 p.
757 3558 817 3621 191
835 3577 862 3620 n.
879 3558 949 3622 561.
982 3579 1021 3620 m.
1038 3557 1074 3621 V.
1082 3577 1111 3621 a.
1150 3579 1202 3638 pr.
1217 3558 1241 3622 Ι.
1258 3558 1294 3622 G.
1306 3558 1356 3621 Ill

286 3655 441 3736 637-39,
465 3657 535 3722 776.
567 3657 602 3721 V.
611 3657 661 3742 p).

183 3758 301 3840 Sparta
321 3763 354 3822 et
374 3758 513 3824 Laconia
532 3759 598 3842 (sn
613 3781 643 3824 a.
660 3780 685 3825 c.
701 3760 773 3825 Chr.
790 3782 826 3842 n,
844 3783 897 3844 pr.
917 3762 991 3826 Ath.
1008 3763 1047 3828 Μ.
1064 3763 1161 3827 1156.
1194 3783 1222 3828 v.
1238 3762 1292 3827 IV.
1304 3762 1355 3846 p).

103 3877 107 3885 ·
183 3859 310 3942 Argolis
341 3859 435 3944 (Ano.
458 3881 488 3926 u.
516 3863 540 3926 l.
560 3862 596 3927 C.
616 3860 661 3926 lV
680 3864 770 3929 1418.
800 3863 890 3928 lV.a.
928 3885 981 3946 pr.
1004 3866 1028 3930 Ι.
1044 3865 1080 3931 G.
1100 3865 1146 3929 IV
1161 3866 1263 3929 olle.
1286 3865 1356 3931 787.
1380 3906 1383 3912 -

183 4063 394 4149 Peloponnesi
417 4068 507 4150 regio
530 4068 613 4133 iuter
634 4071 867 4152 septentriones
890 4074 923 4134 et
944 4089 1091 4136 occasum
1111 4070 1187 4135 solis
1206 4075 1356 4154 spectans

286 4167 407 4250 (Arca.
417 4168 467 4250 ἐφ.
478 4162 546 4254 cipp.
556 4173 606 4253 95,
615 4174 685 4238 263.
707 4193 746 4236 m.
759 4172 816 4236 Ill.
826 4193 854 4236 a.
870 4193 921 4253 pr.
934 4173 968 4236 B.
981 4172 1013 4238 C.
1024 4173 1061 4237 H.
1074 4173 1168 4237 XVll
1182 4175 1229 4238 10.
1246 4173 1356 4257 lV.p.).

184 4269 334 4355 Olympia
356 4271 428 4356 (On.
451 4295 481 4337 u.
504 4295 532 4338 n.
548 4275 618 4338 294.
641 4276 695 4340 IV.
707 4295 734 4340 a.
774 4295 826 4355 pr.
849 4296 877 4340 v.
893 4275 1015 4360 111.p.).
1366 4271 1367 4274 ’
1454 4359 1458 4366 g

184 4373 332 4456 Megaris,
354 4375 485 4440 Boeotia
505 4377 603 4460 (Mne.
619 4400 649 4442 u.
665 4375 714 4458 ἐφ.
732 4369 802 4462 dog.
820 4379 941 4462 85,102
961 4399 989 4443 n.
1002 4380 1030 4445 3.
1052 4397 1077 4444 o.
1090 4380 1153 4446 300
1161 4400 1188 4442 a.
1213 4399 1265 4463 pr.
1282 4379 1306 4446 Ι.
1319 4379 1354 4444 C.

286 4477 539 4564 fflffltm
