3294 5132
257 399 277 460 6

258 587 355 633 causa
388 568 450 633 nisi
483 567 643 632 affinitate
676 567 816 650 quadam
849 566 938 633 ducti
972 566 1197 651 insculpendos
1230 573 1431 650 curaverunt,

257 670 444 753 praesertim
476 691 548 736 cum
577 690 675 753 saepe
703 670 801 735 verba
831 665 916 734 κατὰ
946 667 1112 756 διαθήκην
1138 669 1206 735 sive
1234 668 1269 752 ἐξ
1291 669 1431 758 ἐντολῆς

258 771 324 836 alia
347 770 461 837 addita
483 773 555 837 sint.

343 873 436 952 Quod
458 873 552 939 modo
576 873 617 940 de
639 873 871 958 sepulcralibus
894 874 998 939 titulis
1021 873 1210 958 disceptavi,
1232 875 1265 938 in
1287 873 1431 958 privatos

257 975 507 1058 tantum-cadit,
537 997 608 1042 cum
635 976 730 1041 aliter
752 995 803 1041 res
825 996 860 1041 se
882 976 1002 1042 babere
1025 997 1116 1042 nemo
1138 981 1247 1059 neget,
1270 977 1431 1059 quotiens·

258 1099 382 1161 cunque
405 1079 581 1163 publicus
603 1079 854 1163 magistratus
877 1078 1060 1144 defunctum
1081 1079 1216 1144 honorat
1236 1079 1287 1144 vel
1307 1080 1431 1162 sepelir.
1558 1151 1564 1160 ,

259 1180 354 1245 Haud
381 1179 478 1245 dubie
505 1181 728 1265 inscriptiones
754 1182 950 1265 sepulcrales
974 1185 1048 1246 sunt
1070 1181 1203 1246 Caricae
1226 1181 1367 1246 Bulletin
1391 1181 1431 1246 de

259 1282 531 1367 correspondance
558 1284 740 1368 bellenique
765 1285 814 1348 XI
837 1286 898 1349 310
927 1305 954 1348 n.
970 1286 1003 1349 4:
1030 1273 1062 1348 ‘0
1089 1283 1191 1370 δῆμος
1217 1281 1348 1365 ἔθαψεν
1376 1285 1431 1347 καὶ

258 1384 412 1470 ἐτίμησεν
450 1378 742 1471 Ἀσκληπιόδωρον
781 1378 1019 1470 Ἀριστοδήμου)
1068 1389 1175 1469 φυλῆς
1216 1374 1430 1471 Ἡρακληίδος

260 1479 365 1570 ἄνδρα
408 1486 592 1570 γενόμενον
634 1483 741 1552 καλὸν
786 1489 842 1552 καὶ
884 1479 1016 1571 ἀγαθὸν
1058 1488 1114 1551 καὶ
1157 1479 1334 1572 εὐεργέτην
1373 1490 1432 1573 τῆς

258 1589 433 1674 πατρίδος,
464 1591 509 1655 Le
539 1592 603 1656 Bas
629 1589 849 1674 Waddington
878 1591 1074 1673 V1584,2:
1108 1588 1140 1654 Ὁ
1171 1590 1273 1676 δῆμος
1302 1585 1433 1672 ἔδαψεν

263 1693 424 1756 Φίλιννον
453 1730 495 1738 -
525 1689 682 1776 ἕζηκολαν
711 1689 895 1772 σωφρόνως
924 1693 979 1756 καὶ
1011 1692 1233 1777 γεγενημένην
1263 1690 1301 1774 ἐμ
1330 1693 1433 1756 πᾶσιν

260 1785 355 1874 α’ξίαν
388 1797 458 1858 τῶν
490 1795 679 1859 καλλίστων
713 1793 874 1873 ἐπαίνων,
911 1794 1038 1879 Lydiae
1069 1795 1151 1859 Bull.
1181 1793 1227 1858 de
1253 1814 1330 1860 corr.
1357 1793 1432 1858 hell.

260 1896 371 1960 XVIII
392 1898 432 1961 36
459 1918 488 1962 n.
504 1900 532 1976 6,
570 1895 698 1981 Corpus
722 1897 960 1980 inscriptionum
992 1897 1186 1962 Graecarum
1217 1895 1262 1980 (0.
1279 1897 1303 1960 l.
1321 1896 1369 1979 G.)
1400 1897 1432 1960 II

261 1999 353 2080 3101,
369 2001 418 2080 05,
436 2001 483 2080 12,
501 2003 549 2078 15,
579 2002 689 2066 Revue
716 1998 774 2064 des
801 1998 914 2064 etudes
940 2019 1097 2082 grecques
1123 1999 1205 2063 XIX
1227 1997 1336 2083 (1906)
1366 2000 1433 2080 124,

261 2101 483 2179 utel-1113
513 2102 602 2185 Aeol.
618 2102 659 2166 ib.
682 2102 760 2166 XIV
776 2100 886 2185 (1901)
902 2103 977 2166 296:
1005 2098 1181 2174 Διονύσιος
1199 2091 1433 2178 Ἀσκλάοτωνος
1512 2107 1514 2114 ’

258 2214 360 2285 χοῖρε.
411 2192 443 2268 ‘0
476 2203 579 2286 δᾶμος
609 2193 627 2267 d
658 2205 853 2268 Πιταναίων
883 2204 922 2270 cf.
950 2197 1341 2284 Lrn.c.1.d.113533,
1374 2203 1432 2268 sed

261 2304 394 2370 eaedem
434 2305 605 2370 habendae
646 2311 720 2370 sunt
755 2307 945 2371 honorariae
983 2306 1034 2389 (cf.
1072 2307 1167 2370 etiam
1205 2307 1432 2389 inscriptiones

261 2406 405 2472 Graecae
429 2409 497 2472 lX2
515 2409 563 2489 77,
585 2409 703 2472 Xllvn
719 2409 790 2490 447,
813 2409 892 2473 Gne.
908 2408 941 2474 0.
957 2410 981 2474 Ι.
997 2408 1033 2474 0.
1049 2409 1082 2472 lI
1098 2410 1286 2488 2724-26).

348 2510 444 2574 Ratio
472 2530 597 2593 quoque
628 2511 840 2575 votivorum
867 2511 1032 2576 tltulorum
1055 2511 1218 2576 simillima
1239 2515 1289 2575 est
1311 2509 1434 2574 duobus

261 2612 449 2694 generibus,
462 2683 463 2687 ,
478 2632 561 2694 quae
583 2618 680 2678 antea
702 2612 779 2694 dixi,
808 2611 866 2678 sed
888 2611 986 2677 iidem
1003 2634 1030 2686 ¹a
1052 2633 1170 2696 genere
1192 2611 1433 2677 bonorificorum

262 2713 455 2797 segregandi
477 2719 559 2779 sunt.
596 2715 704 2781 Votivi
724 2716 891 2798 quominus
907 2716 937 2780 ei
954 2714 1109 2796 dicantur,
1132 2715 1185 2797 qui
1202 2719 1258 2778 aut
1273 2735 1293 2779 a
1308 2714 1434 2798 privato
1557 2752 1561 2758 ·

262 2821 319 2880 aut
352 2837 372 2880 a
401 2817 534 2882 civitate
567 2819 635 2884 sive
667 2818 802 2902 collegio
835 2816 973 2900 quodam
1003 2818 1197 2901 precationis
1227 2817 1279 2881 vel
1309 2817 1435 2900 gratiae

228 2943 232 2954 ·
264 2937 361 2983 causa
383 2917 453 2984 deis
476 2940 547 2985 cum
570 2921 665 2986 rebus
687 2919 895 2985 dedicatoriis
918 2920 1101 3001 offerantur,
1123 2939 1214 2984 nemo
1234 2919 1435 3004 repugnabit.

264 3019 329 3084 Sed
358 3021 453 3085 aliter
482 3042 533 3087 ros
563 3042 597 3088 se
627 3022 742 3103 habet,
772 3043 843 3088 cum
875 3014 1031 3106 ἀνάθημα
1061 3020 1223 3104 quoddam
1253 3041 1310 3105 pro
1332 3021 1435 3086 altero

264 3127 399 3206 ponatur
428 3129 525 3207 atque
556 3125 650 3190 simul
679 3125 774 3190 buius
803 3126 918 3190 merita
948 3125 1040 3208 quasi
1070 3122 1113 3197 ad
1142 3145 1208 3188 rem
1238 3121 1436 3206 probandam

265 3231 458 3290 enarrentur.
503 3228 566 3306 Qui
588 3227 684 3309 tituli,
708 3249 777 3293 cum
801 3247 898 3311 saepe
920 3228 1004 3292 infra
1026 3231 1166 3292 statuam
1189 3225 1241 3290 vel
1263 3225 1436 3309 imaginem

265 3329 411 3394 honorati
444 3330 595 3414 insculpti
619 3331 692 3412 sint,
724 3331 756 3394 in
787 3330 1024 3396 honorariorum
1049 3349 1178 3394 numero
1198 3327 1336 3393 ducendi
1355 3332 1437 3392 sunt.

351 3636 540 3718 Priusquam
574 3633 616 3700 ad
651 3637 847 3719 propositum
881 3635 1079 3716 accedimus,
1103 3635 1236 3716 tontes,
1270 3657 1288 3700 e
1322 3634 1438 3716 quibus

265 3740 432 3804 materiam
455 3739 712 3822 conquisivimus,
735 3744 981 3804 enumerenturz·

290 3844 315 3905 1.
347 3841 467 3925 Corpus
490 3841 730 3925 inscriptionum
754 3841 956 3906 Graecarum.
1000 3839 1085 3924 (0.1.
1102 3840 1281 3921 0.Ι-Ι7.)

286 3946 315 4008 2.
345 3944 573 4027 Inscriptiones
608 3943 752 4009 Graecae
789 3944 920 4008 consilio
959 3948 992 4007 et
1026 3943 1219 4008 auctoritate
1252 3940 1439 4007 academiae

321 4073 328 4082 ·
369 4047 547 4111 litterarum
570 4047 680 4130 regiae
704 4047 891 4112 Borussicae
913 4045 1031 4112 editae.
1075 4045 1111 4129 (Ι.
1127 4045 1177 4128 0.)

288 4151 317 4214 3.
346 4150 392 4213 Le
408 4149 716 4234 Bas-Waddington,
739 4150 872 4233 Voyage
894 4147 1142 4232 arcbeologique
1166 4169 1203 4212 en
1220 4147 1321 4212 Grece
1344 4151 1377 4210 et
1400 4167 1438 4210 en

369 4252 446 4316 Asie
469 4253 617 4317 mineure.
663 4252 720 4337 (Le
737 4253 770 4317 B.
786 4253 834 4316 W.
851 4250 1005 4334 V-eVlI.)

289 4357 317 4418 4.
348 4355 573 4438 InscripIIones
596 4355 738 4420 Graecae
764 4354 807 4418 ad
830 4375 880 4418 res
903 4356 1062 4418 Romanas
1085 4352 1281 4436 pertinentes
1303 4351 1440 4416 auctori·

370 4462 438 4522 tate
468 4461 501 4520 et
530 4457 682 4541 impensis
712 4455 898 4522 academiae
928 4455 1168 4540 inscriptionum
1198 4457 1230 4518 ct
1259 4454 1439 4518 litterarum
