3294 5132
278 414 319 478 28

363 581 395 665 5)
418 582 477 647 Oui
507 581 603 646 verbo
626 580 689 646 iam
713 601 753 646 ex
776 601 827 661 eo,
857 579 943 663 quod
966 599 1036 646 eum
1060 580 1114 646 dei
1137 579 1304 646 cuiusdam
1326 581 1452 646 nomine

278 703 375 768 saepe
408 683 675 766 coniungebatur,
710 683 871 766 propriam
904 686 937 748 et
969 682 1178 767 principalem
1211 683 1275 748 vim
1308 683 1452 765 subesse,

277 790 312 850 ut
342 785 465 850 Latinis
495 785 602 850 vernis
638 783 805 850 »dedicare
835 784 887 849 vel
918 803 1120 850 conseerare«
1154 783 1339 867 reddamus,
1370 786 1451 850 bene

277 888 502 972 intellegimus.
545 890 635 952 Tum
657 892 766 952 autem
789 888 838 952 vis
860 887 1017 971 paulatim
1040 887 1137 972 fugit,
1163 888 1209 953 ita
1237 878 1273 952 ut
1295 889 1452 954 sineeram

277 990 440 1056 statuendi
463 991 515 1056 vel
538 989 717 1056 oollooandi
739 989 867 1055 habeat.
909 991 1119 1073 Quamquam,
1142 1011 1204 1073 quo
1227 995 1369 1075 tempore
1391 991 1452 1056 hoo

277 1093 430 1174 evenerit,
452 1097 573 1158 eertum
596 1092 732 1158 inveniri
755 1112 815 1157 non
837 1096 951 1176 potest,
974 1098 1061 1158 oerte
1076 1093 1177 1176 primo
1194 1093 1322 1158 saeeulo
1338 1115 1367 1177 p.
1379 1093 1452 1159 Chr.

277 1200 431 1279 vergente
454 1193 573 1261 fautum
597 1213 670 1260 esse
692 1198 778 1278 puto,
801 1214 872 1260 oum
896 1214 933 1260 eo
956 1199 1099 1278 tempore

322 1334 349 1396 1.
380 1331 536 1396 formulae
558 1338 652 1405 θεαῖς
674 1335 707 1396 et
730 1327 928 1395 ἀνατιθέναι
949 1337 1044 1405 θεοῖς
1066 1349 1136 1396 esse
1159 1330 1316 1412 desinant,

321 1452 348 1514 2.
380 1450 466 1515 tituli
495 1450 597 1539 forma
628 1447 665 1536 »ἡ
693 1448 798 1534 (dordr)
826 1451 882 1514 καὶ
911 1446 929 1514 ὁ
957 1450 1060 1534 δῆμος
1086 1448 1254 1534 ἐτείμησεν
1276 1448 1338 1515 τὸν
1361 1451 1452 1514 δεῖνα

379 1591 422 1600 -
444 1551 631 1627 ἀναθέντος
653 1551 713 1626 τάς
735 1551 848 1634 τειμάς
870 1560 933 1616 τοῦ
956 1553 1081 1626 desnos«
1113 1553 1256 1636 incipiat,
1282 1552 1313 1616 in
1337 1552 1452 1634 quibus

379 1655 483 1720 titulis
507 1652 704 1720 ἀνατιθέναι
727 1658 814 1719 eerte
836 1674 892 1738 pro
917 1654 1113 1736 „eollooare“
1138 1659 1196 1735 est,

323 1778 351 1840 3.
382 1780 449 1840 tum
472 1794 529 1859 pro
556 1773 653 1838 verbo
676 1770 874 1838 ἀνατιθέναι
896 1793 993 1858 saepe
1021 1774 1151 1837 verbum
1180 1770 1356 1838 ἀνιστάναι
1383 1793 1453 1838 esse

380 1877 492 1943 soleat.

279 2014 432 2092 Quotiens
453 2018 560 2078 autem
583 2012 697 2077 titulus
720 2031 810 2078 saoro
825 2011 895 2078 loeo
911 2012 1098 2096 ponebatur,
1120 2012 1238 2078 totiens
1255 2031 1326 2078 eum
1342 2013 1453 2078 simul

278 2115 348 2180 deis
371 2114 556 2180 dedicatum
579 2133 649 2180 esse
673 2117 917 2180 eonsentaneum
941 2118 998 2180 est.

362 2235 395 2318 6)
419 2233 470 2298 Ad
493 2252 556 2298 rus.
573 2235 596 2298 l.
609 2233 644 2298 G.
657 2234 722 2298 XII
730 2253 770 2296 111
783 2234 943 2298 526-29:
966 2233 999 2296 in
1021 2233 1116 2297 titulo
1132 2235 1193 2298 528
1209 2233 1229 2298 i.
1241 2255 1267 2299 e.
1290 2234 1322 2296 in
1341 2233 1454 2298 tabula

280 2338 417 2420 septima
444 2337 591 2401 exactius
613 2335 744 2400 verbum
768 2333 937 2420 ἐτέίμησιν
959 2339 1021 2417 est,
1048 2355 1118 2400 oum
1141 2337 1174 2399 in
1196 2337 1312 2400 esteris
1334 2336 1454 2400 tabulis

278 2437 457 2524 ἀνέστησεν
492 2447 604 2524 ττιμῆς
638 2436 748 2503 ἕνεκέν
781 2438 970 2502 inveniatur.
1032 2438 1101 2502 Hoe
1134 2437 1203 2502 loeo
1237 2439 1334 2502 etiarn
1369 2459 1453 2502 eorn-

278 2541 473 2606 memorandi
502 2546 575 2605 sunt
601 2541 688 2604 tituli
711 2541 787 2605 Sua.
810 2539 868 2624 (Le
891 2541 925 2603 B.
938 2541 986 2603 W.
1004 2541 1029 2604 V
1046 2542 1141 2621 2596)
1168 2538 1229 2605 τὸν
1256 2535 1452 2626 (indoloriam

279 2642 475 2728 ἀ]νέστησαν
498 2643 543 2717 εἰς
565 2642 681 2728 τειμι)ν
696 2639 828 2729 [oritoni]
845 2648 877 2706 et
893 2643 1004 2707 lanR.
1021 2643 1111 2724 (Rev.
1125 2643 1211 2707 aroh.
1225 2645 1305 2707 1907
1324 2664 1352 2725 p.
1365 2643 1452 2725 364):

280 2745 422 2831 ἔστησαν
444 2744 560 2830 τιιμι)ν
583 2743 683 2810 Ἰττέα
706 2795 712 2808 .
732 2795 762 2808 ..
787 2746 843 2808 καὶ
865 2745 1044 2827 Σατεέραν.

366 2867 398 2946 7)
432 2863 540 2929 Etiam
573 2865 606 2927 in
640 2864 717 2928 lire.
740 2864 788 2928 tit.
822 2861 970 2945 (Ameria.
988 2863 1094 2945 journ.
1117 2862 1154 2927 of
1177 2863 1264 2928 aruh.
1282 2863 1328 2926 IV
1355 2883 1384 2947 p.
1401 2862 1452 2946 18)

280 2968 411 3033 verbum
435 2964 611 3031 ἀνιστάναι
634 2963 844 3049 supplendum
870 2969 1086 3057 esse'oenseo.

365 3086 397 3170 8)
414 3088 449 3150 Ια
466 3085 568 3150 titulis
584 3085 723 3150 loeorum
737 3103 897 3149 sacrorum
909 3089 945 3148 ut
956 3083 1161 3168 Delphorum,
1178 3085 1260 3166 Deli,
1275 3084 1453 3169 Olympiae,

279 3190 333 3254 ubi
357 3209 437 3254 unus
460 3189 571 3252 titulus
594 3187 664 3270 (On.
681 3189 721 3251 55
746 3183 867 3273 [Il.p.])
891 3207 910 3250 a
933 3187 1117 3270 Smyrnaeis
1140 3189 1263 3270 positus
1286 3187 1454 3268 invenitur,

280 3291 378 3375 Cypri
409 3297 441 3354 et
473 3291 622 3373 Spartae,
659 3288 835 3372 Argolidis,
869 3290 1034 3370 Boeotiae,
1067 3290 1270 3369 Thessaliae,
1302 3288 1454 3354 Phooidis

278 3395 410 3458 verbum
440 3401 539 3477 τιμᾶν
572 3393 698 3456 omnino
731 3411 792 3456 non
831 3392 998 3456 invenitur.
1054 3392 1090 3454 ln'
1127 3392 1287 3456 nonnullis
1324 3393 1453 3476 Argivis

279 3496 382 3560 titulis
408 3514 600 3577 quamquam
627 3494 663 3578 (l.
684 3494 720 3559 G.
741 3493 785 3557 IV
813 3496 884 3558 585.
907 3495 957 3557 92.
980 3495 1051 3558 673.
1080 3495 1149 3559 703.
1181 3493 1274 3578 1426)
1301 3494 1453 3579 ἐτίμασαν

279 3599 460 3682 suppletum
493 3603 554 3678 est,
587 3602 694 3660 tamen
729 3596 904 3661 tollendum
940 3600 1001 3676 est,
1037 3616 1106 3661 eum
1145 3617 1207 3661 non
1243 3597 1316 3662 aliis
1349 3597 1453 3662 titulis

279 3700 464 3764 affirmetur.

364 3817 398 3903 9)
430 3819 622 3884 Paroissime
657 3818 786 3883 titulum
819 3819 1022 3884 honorarium
1056 3818 1186 3901 passiva
1219 3816 1452 3882 construetione

279 3922 470 3986 invenimus:
492 3921 573 3986 Lre.
596 3922 620 3986 Ι.
633 3921 669 3985 G.
692 3920 734 3985 ad
757 3942 780 3984 r.
796 3921 831 3985 R.
854 3942 883 4005 p.
900 3922 1040 3985 111371:
1063 3917 1230 4004 έτέιμήθη.

367 4042 419 4125 16)
442 4042 591 4106 Veterem
621 4040 865 4124 diremptionem
896 4040 1061 4104 obtentam
1090 4058 1160 4104 esse
1192 4037 1335 4104 videmus
1364 4038 1453 4103 velut

279 4146 310 4208 in
345 4145 439 4210 titulo
473 4145 496 4209 l.
513 4143 548 4208 G.
565 4143 680 4207 Xssm
697 4143 778 4207 1114
814 4151 1002 4224 στεφανοῦν
1034 4149 1161 4226 χρυσῶν
1195 4139 1365 4223 στεφάνων
1397 4141 1454 4204 καὶ

280 4255 380 4332 τιμᾶν
403 4245 508 4312 εἰκόνι
530 4245 674 4330 χαλκίαι.

368 4367 419 4451 11)
447 4367 511 4432 Alii
542 4366 628 4431 tituli
659 4385 770 4449 parum
799 4370 952 4429 aeeurata
981 4365 1188 4449 oonoeptione
1218 4363 1376 4430 notabiles
1405 4363 1454 4426 in·

281 4471 451 4566 venientia
472 4469 530 4556 01,
546 4470 608 4534 464
631 4474 664 4532 et
686 4469 746 4533 941
772 4466 825 4552 (ef.
841 4466 913 4532 adn.
931 4464 995 4550 15).
