3294 5132
1356 422 1396 484 23

225 590 317 671 loeis,
354 611 374 655 a
407 592 592 676 corporibus
625 592 899 674 sooietatibusque
934 595 1041 655 autem
1075 592 1108 654 in
1141 591 1256 656 finibus
1290 612 1398 657 eorum

226 697 428 775 ponerentur.
473 681 627 771 Quotiens
650 693 820 759 societates
842 713 1037 777 corporaque
1060 692 1171 758 titulos
1193 693 1225 756 in
1241 693 1309 759 foro
1325 695 1399 777 poni

226 792 390 876 volebant,
413 795 575 878 publicam
597 793 730 879 veniam}
745 796 941 879 petiverunt,
967 794 1002 858 id
1025 793 1109 882 quod
1133 795 1299 860 vocabulis
1329 794 1398 860 ἐπι-

226 897 294 960 sive
318 898 667 982 σουεπιψηφισαμένης
690 901 746 984 τῆς
769 899 894 979 βουλῆς
921 896 973 982 (of.
989 897 1045 963 On.
1063 899 1134 962 451.
1151 899 1284 962 58-60.
1297 900 1345 963 72.
1358 901 1413 967 91.

226 996 326 1082 saep.)
356 997 425 1064 loeo
456 1000 527 1084 ipso
557 1019 619 1064 non
649 1004 894 1065 commemorato
925 998 1071 1064 additum
1102 1006 1159 1064 est.
1210 1000 1400 1065 Nominatus

202 1089 205 1092 ’
226 1106 333 1166 antem
355 1101 409 1166 hie
432 1101 520 1166 loeus
537 1122 598 1167 uno
613 1103 646 1166 in
661 1101 756 1166 titulo
780 1100 951 1185 (Amastris
966 1101 1035 1166 01.
1048 1101 1083 1166 G.
1099 1102 1149 1165 ΙΙΙ
1166 1100 1248 1165 Adri.
1261 1103 1399 1184 4150b):

227 1203 457 1287 ψοφιοομένος
477 1202 536 1280 τᾶς
557 1203 719 1286 πατρίδος
732 1195 919 1286 Ἀμάοτριος
935 1201 971 1267 ἐπ’
987 1205 1036 1287 τῷ
1050 1205 1246 1287 προγονικῷ
1263 1201 1399 1288 θεάτρῳ
1438 1269 1439 1272 ,

226 1306 372 1392 τεθῆμεο
394 1297 604 1388 ἄνδριὰοτατ,
627 1326 698 1370 oum
713 1306 746 1370 in
761 1305 865 1370 titulis
881 1305 962 1372 (ἔοι.
979 1305 1024 1389 (O.
1040 1306 1063 1370 I.
1080 1305 1116 1370 G.
1132 1306 1281 1370 1114019
1297 1311 1330 1371 et
1345 1309 1399 1390 32)

227 1407 392 1472 vocabulis
421 1410 484 1470 τοῦ
514 1403 625 1471 τόπου
655 1407 818 1484 δοθέντος
848 1404 996 1491 ὑπὸτῆς
1019 1403 1401 1493 λομπροτάτηςβουλῆς

228 1515 261 1573 et
283 1511 308 1573 Ι.
324 1509 360 1574 G.
384 1509 427 1574 ad
450 1531 472 1574 r.
489 1511 524 1574 R.
540 1532 570 1594 p.
592 1511 608 1574 I
632 1513 693 1575 930
717 1509 831 1593 (Cirta)
855 1511 990 1576 oirouitu
1016 1507 1121 1585 τόπος
1148 1506 1253 1594 ἐδόθη
1278 1513 1400 1595 ψηφίσ-

226 1635 305 1694 ματι
329 1615 453 1698 βουλῆς
475 1613 654 1695 generatim
677 1612 882 1696 significetur.
926 1613 1051 1677 Titulos
1066 1611 1213 1695 denique,
1236 1613 1399 1695 inquibus

227 1725 297 1788 τοῖς
326 1719 434 1790 θεοῖς,
462 1706 601 1798 liupuni
626 1719 696 1779 κτλ.
724 1714 870 1780 additum
893 1721 975 1796 erat,
1005 1715 1104 1779 saeris
1127 1713 1205 1780 loeis
1228 1715 1399 1780 oollooatos

228 1834 298 1880 esse
321 1815 522 1899 perspicuum
546 1828 603 1898 est,
626 1837 689 1898 qua
712 1801 817 1899 dere,
841 1838 923 1900 quae
946 1815 1074 1898 quidem
1097 1815 1140 1881 ad
1156 1817 1398 1882 Atheniensium

228 1918 367 1982 ioonioas
389 1923 514 1982 statuas
536 1919 726 2002 pertineant,
748 1919 811 1983 iarn
835 1921 1003 1984 Stenersen
1027 1919 1046 1983 l.
1062 1939 1087 1984 ο.
1111 1921 1267 2003 exposuit.
