3294 5132
667 1306 800 1386 caput
826 1304 1007 1373 tertium.

334 1452 506 1532 Postquam
534 1449 565 1512 in
593 1450 752 1533 prioribus
779 1448 939 1532 capitibus
967 1449 1157 1533 compluries
1179 1448 1418 1514 honorificornm

248 1559 281 1618 et
314 1553 491 1618 votivorum
525 1552 689 1616 titulorum
722 1551 912 1621 affinitatem
946 1552 1224 1635 praestrinximus,
1260 1555 1419 1634 postremo

247 1656 340 1720 nobis
369 1654 585 1737 quaerendum
616 1663 677 1735 cst,
704 1653 782 1737 quid
811 1656 854 1718 sit
882 1652 1086 1720 statuendum
1109 1653 1150 1718 de
1176 1653 1420 1734 necessitudine,

248 1777 331 1839 quae
353 1755 533 1822 intercedat

423 1875 523 1940 inter
553 1874 756 1940 honoraria
787 1881 824 1940 et
852 1874 1008 1941 decreta
1038 1880 1075 1942 et
1104 1875 1250 1941 titulos.

334 2014 478 2094 Utraque
512 2031 631 2095 genera
664 2011 746 2075 inter
780 2031 815 2076 se
853 2031 974 2076 conexa
1008 2016 1149 2095 aptaque
1188 2031 1258 2077 esse
1295 2016 1423 2095 praeter

249 2115 406 2180 vocabula
432 2115 659 2198 ψηφισαμένης
689 2116 746 2200 τῆς
775 2117 899 2199 βουλῆς
926 2115 981 2176 καὶ
1008 2117 1071 2178 τοῦ
1098 2111 1215 2200 δήμου,
1246 2135 1279 2194 φ.
1296 2119 1325 2194 β.
1348 2115 1423 2197 alia,

249 2240 340 2302 quae,
364 2218 470 2302 quoad
493 2219 572 2284 haec
592 2218 635 2283 ad
655 2220 826 2302 privatos
846 2219 956 2284 titulos
972 2219 1161 2302 pertineant,
1184 2221 1217 2284 in
1237 2220 1300 2285 alio
1317 2221 1423 2304 eapite

249 2323 441 2402 enumeravi,
463 2321 595 2404 ptume)
616 2323 670 2404 qui
686 2321 810 2386 Graece
824 2321 981 2387 vocabulo
998 2323 1174 2407 arrogantur
1187 2322 1343 2402 dicuntur,
1365 2324 1423 2385 inr-

249 2423 360 2507 prirnis
387 2429 494 2488 autem
520 2422 664 2488 indicant
686 2423 733 2488 hi:
764 2425 787 2488 Ι.
799 2423 835 2488 G.
851 2425 916 2487 XII
926 2443 965 2487 111
981 2426 1043 2488 274
1072 2421 1233 2509 ἡπατρὶς
1257 2422 1424 2507 ἐτείμησεν

250 2519 365 2600 καθώς
406 2521 447 2589 τὰ
483 2522 646 2609 γενόμενα
683 2527 878 2610 ψηφίσματα
915 2527 1058 2608 περιέχει
1096 2526 1148 2608 (cf.
1179 2527 1261 2591 Lrn.
1289 2527 1322 2591 Β.
1339 2526 1371 2591 O.
1387 2527 1424 2590 H.

249 2629 298 2694 Xl
313 2629 400 2708 400),
426 2629 520 2692 Errrr.
543 2628 578 2692 B.
591 2629 623 2694 C.
636 2629 674 2693 H.
690 2629 803 2694 XXXI
815 2630 856 2692 39
880 2624 918 2691 τὸ
942 2630 1118 2710 συνέδριον
1142 2629 1362 2714 Φωτικησίοον
1384 2665 1424 2675 -

250 2731 474 2813 ψηφίίσματι),
510 2731 593 2794 Prrrc.
623 2730 657 2794 Β.
674 2731 707 2795 Ο.
723 2731 760 2794 Η.
781 2731 876 2794 XVII
892 2732 953 2795 252
981 2751 1009 2794 n.
1027 2733 1067 2795 28
1094 2737 1127 2794 et
1154 2733 1194 2795 29
1232 2727 1349 2804 καθώς
1386 2726 1425 2794 τὸ

252 2832 357 2896 δοθὲν
390 2832 481 2916 αὐτῷ
513 2828 667 2915 ψήφισμα
700 2845 875 2915 μαρτυρεῖ,
909 2832 987 2897 Onu.
1013 2833 1044 2897 B.
1058 2833 1090 2897 O.
1103 2833 1141 2896 H.
1156 2833 1266 2896 XXIV
1279 2834 1340 2897 343
1363 2835 1423 2897 n.9

251 2923 269 2996 ὃ
294 2934 393 3019 δῆμος
415 2932 583 3018 ε’τείμησεν
605 2930 690 2998 κατὰ
714 2931 753 2998 ’τὰ
775 2935 1065 3019 προεψηφεσμὲνα,
1095 2935 1160 2998 XII
1176 2936 1216 3000 86
1243 2936 1319 3016 περὶ
1340 2929 1424 2998 πάν-

251 3059 320 3099 των
342 3035 433 3101 ἐστὶν
455 3037 660 3120 ψηφίσματα,
684 3038 748 3102 Prs.
772 3037 816 3100 Le
837 3037 871 3101 B.
884 3037 932 3101 W.
948 3037 976 3101 V
993 3039 1074 3101 1221
1174 3035 1341 3121 ἐτείμησεν
1364 3034 1425 3122 [τῷ

251 3135 547 3222 ὑπογεγραμμέυῳ
565 3139 751 3222 ψηφίσματι
795 3139 855 3204 Hic
871 3143 907 3202 ut
921 3139 985 3203 iarn
1002 3160 1042 3203 ex
1058 3145 1210 3204 contextu
1226 3139 1425 3222 intelligitur,

252 3241 285 3303 in
306 3241 396 3304 initio
419 3241 531 3305 titulus
554 3241 741 3305 honorarius
765 3244 821 3316 est,
845 3261 939 3323 quem
962 3240 1125 3305 decretum
1141 3243 1250 3325 ipsum
1273 3242 1425 3324 sequitur,

253 3363 315 3424 quo
344 3362 452 3407 rursus
474 3343 556 3406 alter
579 3343 692 3407 titulus
714 3343 901 3407 honorarius
925 3343 1032 3407 Troilo
1055 3343 1244 3407 decernitur.
1289 3344 1425 3427 Saepius

253 3453 358 3508 autern
386 3445 434 3526 fir,
464 3451 499 3508 ut
525 3443 650 3527 lapides
673 3445 883 3525 inveniantur,
909 3446 942 3508 in
965 3446 1081 3528 quibus
1104 3452 1136 3509 et
1158 3447 1335 3528 decretum,
1363 3463 1424 3528 quo

254 3547 304 3612 cni
336 3547 463 3611 honoris
493 3567 590 3612 cansa
617 3552 724 3611 statua
752 3546 882 3611 decreta
909 3554 1006 3629 atque
1030 3548 1131 3612 forma
1154 3549 1239 3612 tituli
1262 3545 1425 3612 incidendi

254 3648 415 3712 destinata
443 3653 504 3730 est,
534 3654 567 3713 et
593 3649 676 3714 hunc
703 3651 807 3732 ipsum
834 3651 866 3712 in
893 3651 1000 3733 capite
1027 3649 1148 3714 decreti
1174 3669 1245 3715 esse
1272 3649 1427 3716 videmus.

255 3750 352 3814 Cuius
374 3752 499 3832 generis
516 3752 738 3835 inscriptiones
753 3751 942 3829 honorariae
958 3757 1039 3833 sunt,
1062 3757 1097 3816 ut
1111 3753 1260 3817 nonnulla
1276 3752 1425 3835 exempla

254 3852 422 3937 proferam,
444 3854 468 3916 I.
481 3853 517 3918 G.
532 3853 577 3917 IV
589 3855 664 3918 935:
687 3905 693 3917 .
709 3904 736 3919 ..
760 3853 817 3917 καὶ
832 3845 1011 3936 ἀναστῆσαι
1035 3845 1140 3918 αὐτοῦ
1155 3858 1278 3936 χαλκᾶς
1293 3850 1425 3930 εἰκόνας

255 3954 291 4019 εἰ)
397 3950 597 4042 ἐπιγρα[ςοην
624 3953 763 4038 ἐχοίσας
790 3947 924 4038 »Ἀχαιοὶ
951 3957 1007 4020 καὶ
1029 3958 1177 4021 Βοιωτοὶ
1204 3957 1259 4021 καὶ
1283 3955 1426 4043 Φοο]κείς

255 4057 311 4120 καὶ
334 4049 472 4135 Εὐβοεῖς
499 4057 555 4122 καὶ
578 4059 705 4141 Λοκροὶ
728 4059 783 4122 καὶ
806 4061 943 4141 Δοοριεῑς
970 4060 1066 4123 Τίτον
1089 4059 1288 4123 Στατείλιον
1316 4063 1426 4142 Τειμο-

219 4217 221 4222 ,
254 4155 359 4244 κράτη
382 4157 585 4246 [γραμματέα
609 4158 723 4225 αὐτῶν
744 4157 938 4248 γεν]όμενον
962 4152 1077 4247 ἀρετῆς
1094 4157 1219 4243 ἕνεκα,
1242 4161 1297 4244 qui
1312 4161 1425 4226 titulus

256 4261 308 4340 (cf.
324 4263 398 4345 934)
422 4263 496 4327 huie
519 4262 647 4329 decreto
670 4265 703 4328 in
726 4263 837 4329 eodem
860 4253 969 4347 lapide
992 4263 1224 4347 superscriptus
1240 4269 1318 4330 erat.
1355 4264 1426 4328 Non

256 4363 351 4427 aliter
378 4364 490 4429 titulus
513 4367 587 4430 936:
613 4358 800 4452 Ἀθηναίων
823 4355 842 4448 ἡ
867 4366 901 4445 ἐξ
921 4356 1044 4447 Ἀρείου
1067 4361 1178 4448 πάγου
1199 4361 1304 4452 βουλὴ
1326 4365 1381 4428 καὶ
1404 4388 1424 4449 η

256 4465 361 4552 βουλὴ
395 4470 464 4530 univ
497 4463 724 4552 ἑξακισχιλίων
754 4469 809 4531 καὶ
839 4458 856 4531 ὁ
889 4466 989 4554 δῆμος
1023 4468 1120 4531 Τίτον
1150 4467 1352 4530 Στατείίιον
1382 4471 1415 4532 Σ
