<?xml version="1.0" encoding="UTF-8"?>
<!DOCTYPE html PUBLIC "-//W3C//DTD XHTML 1.0 Transitional//EN"
    "http://www.w3.org/TR/xhtml1/DTD/xhtml1-transitional.dtd">
<html xmlns="http://www.w3.org/1999/xhtml" xml:lang="en" lang="en">
 <head>
  <title>
</title>
<meta http-equiv="Content-Type" content="text/html;charset=utf-8" />
  <meta name='ocr-system' content='tesseract 3.04.00' />
  <meta name='ocr-capabilities' content='ocr_page ocr_carea ocr_par ocr_line ocrx_word'/>
</head>
<body>
  <div class='ocr_page' id='page_1' title='image "./degraecorumtitu00gerlgoog_0007.png"; bbox 0 0 3294 5132; ppageno 0'>
   <div class='ocr_carea' id='block_1_1' title="bbox 630 1350 1092 1468">
    <p class='ocr_par' dir='ltr' id='par_1_1' title="bbox 630 1350 1092 1468">
     <span class='ocr_line' id='line_1_1' title="bbox 630 1350 1092 1468; baseline -0.006 -12"><span class='ocrx_word' id='word_1_1' title='bbox 630 1388 764 1468; x_wconf 82' lang='lat' dir='ltr'>caput</span> <span class='ocrx_word' id='word_1_2' title='bbox 789 1386 983 1468; x_wconf 86' lang='lat' dir='ltr'>primum.</span> <span class='ocrx_word' id='word_1_3' title='bbox 1089 1350 1092 1354; x_wconf 86' lang='lat'><em>.</em></span> 
     </span>
    </p>
   </div>
   <div class='ocr_carea' id='block_1_2' title="bbox 138 1531 1426 4592">
    <p class='ocr_par' dir='ltr' id='par_1_2' title="bbox 219 1531 1391 1928">
     <span class='ocr_line' id='line_1_2' title="bbox 305 1531 1391 1616; baseline -0.005 -17"><span class='ocrx_word' id='word_1_4' title='bbox 305 1537 486 1616; x_wconf 84' lang='lat' dir='ltr'><strong>Antequam</strong></span> <span class='ocrx_word' id='word_1_5' title='bbox 513 1532 556 1598; x_wconf 93' lang='lat' dir='ltr'>ad</span> <span class='ocrx_word' id='word_1_6' title='bbox 583 1552 738 1598; x_wconf 90' lang='lat' dir='ltr'>summam</span> <span class='ocrx_word' id='word_1_7' title='bbox 766 1533 985 1615; x_wconf 90' lang='lat' dir='ltr'>quaestionem</span> <span class='ocrx_word' id='word_1_8' title='bbox 1012 1531 1226 1615; x_wconf 81' lang='lat' dir='ltr'>aggredimur,</span> <span class='ocrx_word' id='word_1_9' title='bbox 1255 1531 1391 1614; x_wconf 90' lang='lat' dir='ltr'>primum</span> 
     </span>
     <span class='ocr_line' id='line_1_3' title="bbox 221 1631 1391 1719; baseline -0.007 -15"><span class='ocrx_word' id='word_1_10' title='bbox 221 1659 290 1704; x_wconf 90' lang='lat' dir='ltr'>curn</span> <span class='ocrx_word' id='word_1_11' title='bbox 325 1637 366 1703; x_wconf 90' lang='lat' dir='ltr'>de</span> <span class='ocrx_word' id='word_1_12' title='bbox 399 1638 460 1702; x_wconf 89' lang='lat' dir='ltr'>hac</span> <span class='ocrx_word' id='word_1_13' title='bbox 493 1657 528 1700; x_wconf 91' lang='lat' dir='ltr'>re</span> <span class='ocrx_word' id='word_1_14' title='bbox 560 1655 694 1719; x_wconf 87' lang='lat' dir='ltr'>magnus</span> <span class='ocrx_word' id='word_1_15' title='bbox 727 1637 861 1700; x_wconf 87' lang='lat' dir='ltr'>haereat</span> <span class='ocrx_word' id='word_1_16' title='bbox 893 1635 1072 1718; x_wconf 87' lang='lat' dir='ltr'>serupulus,</span> <span class='ocrx_word' id='word_1_17' title='bbox 1105 1631 1276 1699; x_wconf 87' lang='lat' dir='ltr'>conveniat</span> <span class='ocrx_word' id='word_1_18' title='bbox 1308 1634 1391 1697; x_wconf 91' lang='lat' dir='ltr'>inter</span> 
     </span>
     <span class='ocr_line' id='line_1_4' title="bbox 220 1735 1389 1822; baseline -0.003 -18"><span class='ocrx_word' id='word_1_19' title='bbox 220 1761 276 1806; x_wconf 93' lang='lat' dir='ltr'>nos</span> <span class='ocrx_word' id='word_1_20' title='bbox 317 1759 447 1806; x_wconf 89' lang='lat' dir='ltr'>necesse</span> <span class='ocrx_word' id='word_1_21' title='bbox 488 1743 550 1814; x_wconf 89' lang='lat' dir='ltr'>est,</span> <span class='ocrx_word' id='word_1_22' title='bbox 591 1757 671 1821; x_wconf 89' lang='lat' dir='ltr'>quas</span> <span class='ocrx_word' id='word_1_23' title='bbox 711 1737 935 1822; x_wconf 80' lang='lat' dir='ltr'>inscriptiones</span> <span class='ocrx_word' id='word_1_24' title='bbox 970 1735 1114 1820; x_wconf 91' lang='lat' dir='ltr'>lapidum</span> <span class='ocrx_word' id='word_1_25' title='bbox 1151 1736 1389 1804; x_wconf 84' lang='lat' dir='ltr'>honorariorum</span> 
     </span>
     <span class='ocr_line' id='line_1_5' title="bbox 219 1841 1313 1928; baseline -0.008 -20"><span class='ocrx_word' id='word_1_26' title='bbox 219 1843 330 1928; x_wconf 81' lang='lat' dir='ltr'>generi</span> <span class='ocrx_word' id='word_1_27' title='bbox 352 1841 574 1906; x_wconf 88' lang='lat' dir='ltr'>attribuamus.</span> <span class='ocrx_word' id='word_1_28' title='bbox 1236 1849 1239 1857; x_wconf 81' lang='grc'><strong>“</strong></span> <span class='ocrx_word' id='word_1_29' title='bbox 1311 1848 1313 1852; x_wconf 81' lang='grc'>’</span> 
     </span>
    </p>

    <p class='ocr_par' dir='ltr' id='par_1_3' title="bbox 138 1939 1426 3156">
     <span class='ocr_line' id='line_1_6' title="bbox 304 1939 1392 2027; baseline -0.006 -17"><span class='ocrx_word' id='word_1_30' title='bbox 304 1945 444 2010; x_wconf 91' lang='lat' dir='ltr'>Primum</span> <span class='ocrx_word' id='word_1_31' title='bbox 477 1945 510 2007; x_wconf 94' lang='lat' dir='ltr'>in</span> <span class='ocrx_word' id='word_1_32' title='bbox 543 1943 784 2027; x_wconf 78' lang='lat' dir='ltr'>inscriptionum</span> <span class='ocrx_word' id='word_1_33' title='bbox 813 1943 1051 2007; x_wconf 79' lang='lat' dir='ltr'>honorariorum</span> <span class='ocrx_word' id='word_1_34' title='bbox 1080 1959 1210 2005; x_wconf 90' lang='lat' dir='ltr'>numero</span> <span class='ocrx_word' id='word_1_35' title='bbox 1240 1939 1392 2005; x_wconf 88' lang='lat' dir='ltr'>habenda</span> 
     </span>
     <span class='ocr_line' id='line_1_7' title="bbox 219 2035 1390 2128; baseline -0.007 -15"><span class='ocrx_word' id='word_1_36' title='bbox 219 2054 293 2114; x_wconf 88' lang='lat' dir='ltr'>sunt</span> <span class='ocrx_word' id='word_1_37' title='bbox 312 2047 444 2112; x_wconf 87' lang='lat' dir='ltr'>decreta</span> <span class='ocrx_word' id='word_1_38' title='bbox 464 2045 640 2127; x_wconf 87' lang='lat' dir='ltr'>honoraria,</span> <span class='ocrx_word' id='word_1_39' title='bbox 663 2065 794 2128; x_wconf 90' lang='lat' dir='ltr'>quorum</span> <span class='ocrx_word' id='word_1_40' title='bbox 811 2045 1022 2110; x_wconf 90' lang='lat' dir='ltr'>usitatissima</span> <span class='ocrx_word' id='word_1_41' title='bbox 1037 2043 1142 2108; x_wconf 86' lang='lat' dir='ltr'>forma</span> <span class='ocrx_word' id='word_1_42' title='bbox 1157 2047 1217 2108; x_wconf 89' lang='lat' dir='ltr'>est:</span> <span class='ocrx_word' id='word_1_43' title='bbox 1245 2035 1390 2123; x_wconf 73' lang='grc' dir='ltr'>»Ἔδοξεν</span> 
     </span>
     <span class='ocr_line' id='line_1_8' title="bbox 138 2135 1390 2234; baseline -0.006 -19"><span class='ocrx_word' id='word_1_44' title='bbox 138 2141 141 2148; x_wconf 61' lang='grc'><strong>’</strong></span> <span class='ocrx_word' id='word_1_45' title='bbox 218 2153 259 2234; x_wconf 77' lang='grc' dir='ltr'>τῇ</span> <span class='ocrx_word' id='word_1_46' title='bbox 286 2151 408 2232; x_wconf 69' lang='grc' dir='ltr'><strong><em>βουλῇ·</em></strong></span> <span class='ocrx_word' id='word_1_47' title='bbox 440 2145 457 2214; x_wconf 90' lang='grc' dir='ltr'>ὁ</span> <span class='ocrx_word' id='word_1_48' title='bbox 487 2149 579 2212; x_wconf 82' lang='grc' dir='ltr'><strong><em>δεῖνα</em></strong></span> <span class='ocrx_word' id='word_1_49' title='bbox 605 2143 692 2212; x_wconf 80' lang='grc' dir='ltr'><em>εἶπε·</em></span> <span class='ocrx_word' id='word_1_50' title='bbox 724 2145 837 2234; x_wconf 79' lang='grc' dir='ltr'><strong><em>ἐπειδὴ</em></strong></span> <span class='ocrx_word' id='word_1_51' title='bbox 865 2147 882 2212; x_wconf 86' lang='grc' dir='ltr'>ὁ</span> <span class='ocrx_word' id='word_1_52' title='bbox 911 2147 1004 2212; x_wconf 77' lang='lat' dir='ltr'>deira</span> <span class='ocrx_word' id='word_1_53' title='bbox 1026 2143 1127 2221; x_wconf 82' lang='grc' dir='ltr'><strong><em>καλός</em></strong></span> <span class='ocrx_word' id='word_1_54' title='bbox 1150 2135 1298 2228; x_wconf 76' lang='grc' dir='ltr'><strong><em>κάγαθός</em></strong></span> <span class='ocrx_word' id='word_1_55' title='bbox 1321 2142 1390 2208; x_wconf 73' lang='grc' dir='ltr'><strong><em>ἐστὶ</em></strong></span> 
     </span>
     <span class='ocr_line' id='line_1_9' title="bbox 218 2241 1393 2334; baseline -0.006 -18"><span class='ocrx_word' id='word_1_56' title='bbox 218 2256 300 2316; x_wconf 70' lang='lat' dir='ltr'>xri:</span> <span class='ocrx_word' id='word_1_57' title='bbox 331 2245 490 2334; x_wconf 77' lang='grc' dir='ltr'>δεδόχθαι</span> <span class='ocrx_word' id='word_1_58' title='bbox 518 2253 559 2332; x_wconf 77' lang='grc' dir='ltr'>τῇ</span> <span class='ocrx_word' id='word_1_59' title='bbox 588 2252 694 2332; x_wconf 75' lang='grc' dir='ltr'><strong><em>βουλῇ</em></strong></span> <span class='ocrx_word' id='word_1_60' title='bbox 725 2247 896 2314; x_wconf 79' lang='grc' dir='ltr'><strong><em>ἐπαινέσαι</em></strong></span> <span class='ocrx_word' id='word_1_61' title='bbox 925 2248 981 2311; x_wconf 86' lang='grc' dir='ltr'><strong><em>καὶ</em></strong></span> <span class='ocrx_word' id='word_1_62' title='bbox 1010 2250 1141 2333; x_wconf 80' lang='grc' dir='ltr'><strong><em>τιμῆσαι</em></strong></span> <span class='ocrx_word' id='word_1_63' title='bbox 1170 2241 1233 2310; x_wconf 85' lang='grc' dir='ltr'>τόν</span> <span class='ocrx_word' id='word_1_64' title='bbox 1260 2247 1393 2310; x_wconf 55' lang='lat' dir='ltr'>cerva«,</span> 
     </span>
     <span class='ocr_line' id='line_1_10' title="bbox 218 2349 1388 2438; baseline -0.006 -18"><span class='ocrx_word' id='word_1_65' title='bbox 218 2356 267 2420; x_wconf 90' lang='lat' dir='ltr'>De</span> <span class='ocrx_word' id='word_1_66' title='bbox 289 2355 405 2438; x_wconf 92' lang='lat' dir='ltr'>quibus</span> <span class='ocrx_word' id='word_1_67' title='bbox 432 2373 502 2418; x_wconf 91' lang='lat' dir='ltr'>cum</span> <span class='ocrx_word' id='word_1_68' title='bbox 525 2351 668 2418; x_wconf 91' lang='lat' dir='ltr'>nonnulli</span> <span class='ocrx_word' id='word_1_69' title='bbox 690 2351 752 2416; x_wconf 86' lang='lat' dir='ltr'>viri</span> <span class='ocrx_word' id='word_1_70' title='bbox 774 2351 862 2418; x_wconf 91' lang='lat' dir='ltr'>docti</span> <span class='ocrx_word' id='word_1_71' title='bbox 884 2351 972 2416; x_wconf 87' lang='lat' dir='ltr'>velut</span> <span class='ocrx_word' id='word_1_72' title='bbox 995 2351 1155 2414; x_wconf 81' lang='lat' dir='ltr'>Drrrnrnn</span> <span class='ocrx_word' id='word_1_73' title='bbox 1182 2349 1300 2433; x_wconf 85' lang='lat' dir='ltr'>(Leipz.</span> <span class='ocrx_word' id='word_1_74' title='bbox 1316 2349 1388 2414; x_wconf 83' lang='lat' dir='ltr'>Stu-</span> 
     </span>
     <span class='ocr_line' id='line_1_11' title="bbox 217 2450 1388 2539; baseline -0.004 -19"><span class='ocrx_word' id='word_1_75' title='bbox 217 2455 290 2520; x_wconf 85' lang='lat' dir='ltr'>dien</span> <span class='ocrx_word' id='word_1_76' title='bbox 310 2457 391 2520; x_wconf 89' lang='lat' dir='ltr'>XIII</span> <span class='ocrx_word' id='word_1_77' title='bbox 406 2456 467 2519; x_wconf 82' lang='grc'>140</span> <span class='ocrx_word' id='word_1_78' title='bbox 476 2453 534 2539; x_wconf 86' lang='lat' dir='ltr'>sq.)</span> <span class='ocrx_word' id='word_1_79' title='bbox 551 2458 583 2518; x_wconf 87' lang='lat' dir='ltr'>et</span> <span class='ocrx_word' id='word_1_80' title='bbox 598 2453 892 2518; x_wconf 77' lang='lat' dir='ltr'>Scumrrrrrnuunn</span> <span class='ocrx_word' id='word_1_81' title='bbox 908 2453 969 2536; x_wconf 91' lang='lat' dir='ltr'>(De</span> <span class='ocrx_word' id='word_1_82' title='bbox 985 2471 1170 2518; x_wconf 86' lang='lat' dir='ltr'>coronarum</span> <span class='ocrx_word' id='word_1_83' title='bbox 1186 2450 1273 2534; x_wconf 87' lang='lat' dir='ltr'>apud</span> <span class='ocrx_word' id='word_1_84' title='bbox 1289 2450 1388 2515; x_wconf 45' lang='lat' dir='ltr'>Athe-¹</span> 
     </span>
     <span class='ocr_line' id='line_1_12' title="bbox 217 2552 1389 2639; baseline -0.003 -17"><span class='ocrx_word' id='word_1_85' title='bbox 217 2559 343 2623; x_wconf 87' lang='lat' dir='ltr'>nlenses</span> <span class='ocrx_word' id='word_1_86' title='bbox 366 2557 545 2638; x_wconf 88' lang='lat' dir='ltr'>honoribus,</span> <span class='ocrx_word' id='word_1_87' title='bbox 567 2557 631 2620; x_wconf 88' lang='lat' dir='ltr'>Brl.</span> <span class='ocrx_word' id='word_1_88' title='bbox 648 2557 743 2639; x_wconf 82' lang='lat'>1891)</span> <span class='ocrx_word' id='word_1_89' title='bbox 766 2557 845 2621; x_wconf 88' lang='lat' dir='ltr'>satis</span> <span class='ocrx_word' id='word_1_90' title='bbox 860 2555 1039 2620; x_wconf 88' lang='lat' dir='ltr'>luculenter</span> <span class='ocrx_word' id='word_1_91' title='bbox 1054 2552 1314 2638; x_wconf 77' lang='lat' dir='ltr'>disceptaverint,</span> <span class='ocrx_word' id='word_1_92' title='bbox 1336 2553 1389 2618; x_wconf 90' lang='lat' dir='ltr'>hic</span> 
     </span>
     <span class='ocr_line' id='line_1_13' title="bbox 216 2654 1388 2744; baseline -0.005 -19"><span class='ocrx_word' id='word_1_93' title='bbox 216 2681 313 2744; x_wconf 81' lang='lat' dir='ltr'>agere</span> <span class='ocrx_word' id='word_1_94' title='bbox 340 2660 420 2724; x_wconf 86' lang='lat' dir='ltr'>nolo.</span> <span class='ocrx_word' id='word_1_95' title='bbox 464 2657 600 2724; x_wconf 88' lang='lat' dir='ltr'>Accedit</span> <span class='ocrx_word' id='word_1_96' title='bbox 622 2657 707 2742; x_wconf 89' lang='lat' dir='ltr'>quod</span> <span class='ocrx_word' id='word_1_97' title='bbox 737 2659 769 2722; x_wconf 95' lang='lat' dir='ltr'>in</span> <span class='ocrx_word' id='word_1_98' title='bbox 792 2659 894 2723; x_wconf 87' lang='lat' dir='ltr'>altero</span> <span class='ocrx_word' id='word_1_99' title='bbox 917 2658 1023 2742; x_wconf 90' lang='lat' dir='ltr'>capite</span> <span class='ocrx_word' id='word_1_100' title='bbox 1047 2655 1099 2740; x_wconf 86' lang='lat' dir='ltr'>(ci.</span> <span class='ocrx_word' id='word_1_101' title='bbox 1118 2677 1191 2740; x_wconf 83' lang='lat' dir='ltr'>pag.</span> <span class='ocrx_word' id='word_1_102' title='bbox 1211 2654 1264 2740; x_wconf 85' lang='grc'>21)</span> <span class='ocrx_word' id='word_1_103' title='bbox 1292 2665 1388 2739; x_wconf 89' lang='lat' dir='ltr'>pecu-</span> 
     </span>
     <span class='ocr_line' id='line_1_14' title="bbox 215 2758 1388 2844; baseline -0.003 -18"><span class='ocrx_word' id='word_1_104' title='bbox 215 2763 327 2828; x_wconf 85' lang='lat' dir='ltr'>IIarem</span> <span class='ocrx_word' id='word_1_105' title='bbox 343 2762 476 2827; x_wconf 90' lang='lat' dir='ltr'>formam</span> <span class='ocrx_word' id='word_1_106' title='bbox 492 2759 700 2842; x_wconf 80' lang='lat' dir='ltr'>decretorum,</span> <span class='ocrx_word' id='word_1_107' title='bbox 723 2781 806 2843; x_wconf 89' lang='lat' dir='ltr'>quae</span> <span class='ocrx_word' id='word_1_108' title='bbox 821 2759 865 2825; x_wconf 92' lang='lat' dir='ltr'>ad</span> <span class='ocrx_word' id='word_1_109' title='bbox 879 2761 1066 2844; x_wconf 82' lang='lat' dir='ltr'>proxeniam</span> <span class='ocrx_word' id='word_1_110' title='bbox 1082 2760 1228 2838; x_wconf 79' lang='lat' dir='ltr'>attinent,</span> <span class='ocrx_word' id='word_1_111' title='bbox 1248 2758 1388 2822; x_wconf 89' lang='lat' dir='ltr'>breviter</span> 
     </span>
     <span class='ocr_line' id='line_1_15' title="bbox 216 2861 1386 2948; baseline -0.003 -20"><span class='ocrx_word' id='word_1_112' title='bbox 216 2866 382 2948; x_wconf 83' lang='lat' dir='ltr'>attingam.</span> <span class='ocrx_word' id='word_1_113' title='bbox 426 2865 462 2928; x_wconf 93' lang='lat' dir='ltr'>In</span> <span class='ocrx_word' id='word_1_114' title='bbox 486 2863 546 2928; x_wconf 93' lang='lat' dir='ltr'>hoc</span> <span class='ocrx_word' id='word_1_115' title='bbox 568 2864 666 2946; x_wconf 82' lang='lat' dir='ltr'>igitur</span> <span class='ocrx_word' id='word_1_116' title='bbox 690 2863 841 2946; x_wconf 89' lang='lat' dir='ltr'>opusculo</span> <span class='ocrx_word' id='word_1_117' title='bbox 864 2863 951 2926; x_wconf 86' lang='lat' dir='ltr'>tituli</span> <span class='ocrx_word' id='word_1_118' title='bbox 974 2861 1231 2942; x_wconf 78' lang='lat' dir='ltr'>soliafferentur,</span> <span class='ocrx_word' id='word_1_119' title='bbox 1253 2880 1386 2942; x_wconf 88' lang='lat' dir='ltr'>quorum</span> 
     </span>
     <span class='ocr_line' id='line_1_16' title="bbox 215 2954 1426 3051; baseline -0.006 -19"><span class='ocrx_word' id='word_1_120' title='bbox 215 2968 345 3051; x_wconf 89' lang='lat' dir='ltr'>propria</span> <span class='ocrx_word' id='word_1_121' title='bbox 378 2967 479 3032; x_wconf 87' lang='lat' dir='ltr'>forma</span> <span class='ocrx_word' id='word_1_122' title='bbox 513 2967 560 3030; x_wconf 85' lang='lat' dir='ltr'>ita</span> <span class='ocrx_word' id='word_1_123' title='bbox 593 2985 627 3030; x_wconf 86' lang='lat' dir='ltr'>se</span> <span class='ocrx_word' id='word_1_124' title='bbox 657 2965 756 3030; x_wconf 85' lang='lat' dir='ltr'>habet</span> <span class='ocrx_word' id='word_1_125' title='bbox 793 2954 833 3028; x_wconf 86' lang='grc' dir='ltr'>»ό</span> <span class='ocrx_word' id='word_1_126' title='bbox 869 2955 963 3028; x_wconf 82' lang='grc' dir='ltr'><strong><em>δεῖνα</em></strong></span> <span class='ocrx_word' id='word_1_127' title='bbox 993 2959 1054 3028; x_wconf 89' lang='grc' dir='ltr'>τόν</span> <span class='ocrx_word' id='word_1_128' title='bbox 1083 2964 1174 3026; x_wconf 73' lang='lat' dir='ltr'>&lt;isira</span> <span class='ocrx_word' id='word_1_129' title='bbox 1209 2961 1386 3046; x_wconf 79' lang='grc' dir='ltr'><strong><em>(ἐτίμησεν)</em></strong></span> <span class='ocrx_word' id='word_1_130' title='bbox 1421 2973 1426 2984; x_wconf 90' lang='grc'><em>’</em></span> 
     </span>
     <span class='ocr_line' id='line_1_17' title="bbox 216 3063 486 3156; baseline -0.004 -23"><span class='ocrx_word' id='word_1_131' title='bbox 216 3063 332 3156; x_wconf 78' lang='grc' dir='ltr'><strong><em>ἀρετῆς</em></strong></span> <span class='ocrx_word' id='word_1_132' title='bbox 355 3065 486 3134; x_wconf 64' lang='lat' dir='ltr'>isaac«.</span> 
     </span>
    </p>

    <p class='ocr_par' dir='ltr' id='par_1_4' title="bbox 177 3165 1389 4592">
     <span class='ocr_line' id='line_1_18' title="bbox 301 3165 1387 3253; baseline -0.006 -17"><span class='ocrx_word' id='word_1_133' title='bbox 301 3174 391 3250; x_wconf 77' lang='lat' dir='ltr'>Quae</span> <span class='ocrx_word' id='word_1_134' title='bbox 421 3171 524 3235; x_wconf 87' lang='lat' dir='ltr'>forma</span> <span class='ocrx_word' id='word_1_135' title='bbox 554 3190 623 3234; x_wconf 91' lang='lat' dir='ltr'>cum</span> <span class='ocrx_word' id='word_1_136' title='bbox 650 3170 759 3235; x_wconf 90' lang='lat' dir='ltr'>multis</span> <span class='ocrx_word' id='word_1_137' title='bbox 787 3168 1071 3253; x_wconf 88' lang='lat' dir='ltr'>sepulcralibus</span> <span class='ocrx_word' id='word_1_138' title='bbox 1098 3167 1202 3232; x_wconf 90' lang='lat' dir='ltr'>titulis</span> <span class='ocrx_word' id='word_1_139' title='bbox 1224 3165 1387 3230; x_wconf 89' lang='lat' dir='ltr'>simillima</span> 
     </span>
     <span class='ocr_line' id='line_1_19' title="bbox 216 3268 1387 3354; baseline -0.006 -16"><span class='ocrx_word' id='word_1_140' title='bbox 216 3275 266 3354; x_wconf 89' lang='lat' dir='ltr'>sit,</span> <span class='ocrx_word' id='word_1_141' title='bbox 288 3273 329 3337; x_wconf 90' lang='lat' dir='ltr'>de</span> <span class='ocrx_word' id='word_1_142' title='bbox 352 3271 596 3353; x_wconf 78' lang='lat' dir='ltr'>necessitudine,</span> <span class='ocrx_word' id='word_1_143' title='bbox 619 3291 701 3354; x_wconf 89' lang='lat' dir='ltr'>quae</span> <span class='ocrx_word' id='word_1_144' title='bbox 724 3273 806 3336; x_wconf 92' lang='lat' dir='ltr'>inter</span> <span class='ocrx_word' id='word_1_145' title='bbox 829 3271 922 3337; x_wconf 86' lang='lat' dir='ltr'>ambo</span> <span class='ocrx_word' id='word_1_146' title='bbox 945 3291 1063 3354; x_wconf 84' lang='lat' dir='ltr'>genera</span> <span class='ocrx_word' id='word_1_147' title='bbox 1082 3268 1261 3348; x_wconf 85' lang='lat' dir='ltr'>intercedit,</span> <span class='ocrx_word' id='word_1_148' title='bbox 1283 3287 1387 3352; x_wconf 92' lang='lat' dir='ltr'>pauca</span> 
     </span>
     <span class='ocr_line' id='line_1_20' title="bbox 216 3369 1386 3458; baseline -0.005 -18"><span class='ocrx_word' id='word_1_149' title='bbox 216 3375 330 3440; x_wconf 84' lang='lat' dir='ltr'>dIcam.</span> <span class='ocrx_word' id='word_1_150' title='bbox 382 3375 483 3440; x_wconf 88' lang='lat' dir='ltr'>Nemo</span> <span class='ocrx_word' id='word_1_151' title='bbox 517 3373 659 3456; x_wconf 87' lang='lat' dir='ltr'>dubitat,</span> <span class='ocrx_word' id='word_1_152' title='bbox 692 3375 768 3457; x_wconf 90' lang='lat' dir='ltr'>quin</span> <span class='ocrx_word' id='word_1_153' title='bbox 802 3375 1039 3458; x_wconf 83' lang='lat' dir='ltr'>inscriptiones,</span> <span class='ocrx_word' id='word_1_154' title='bbox 1071 3373 1105 3438; x_wconf 93' lang='lat' dir='ltr'>in</span> <span class='ocrx_word' id='word_1_155' title='bbox 1138 3371 1254 3454; x_wconf 89' lang='lat' dir='ltr'>quibus</span> <span class='ocrx_word' id='word_1_156' title='bbox 1288 3369 1386 3434; x_wconf 88' lang='lat' dir='ltr'>verba</span> 
     </span>
     <span class='ocr_line' id='line_1_21' title="bbox 177 3467 1385 3562; baseline -0.007 -20"><span class='ocrx_word' id='word_1_157' title='bbox 177 3540 179 3542; x_wconf 82' lang='grc'><strong>,</strong></span> <span class='ocrx_word' id='word_1_158' title='bbox 215 3478 304 3542; x_wconf 84' lang='lat' dir='ltr'>velut</span> <span class='ocrx_word' id='word_1_159' title='bbox 321 3490 424 3560; x_wconf 82' lang='grc' dir='ltr'><strong><em>χαῖρε,</em></strong></span> <span class='ocrx_word' id='word_1_160' title='bbox 444 3470 572 3562; x_wconf 77' lang='grc' dir='ltr'><strong><em>μνήμης</em></strong></span> <span class='ocrx_word' id='word_1_161' title='bbox 591 3477 659 3542; x_wconf 90' lang='lat' dir='ltr'>sive</span> <span class='ocrx_word' id='word_1_162' title='bbox 678 3477 791 3559; x_wconf 78' lang='grc' dir='ltr'><strong><em>μνείας</em></strong></span> <span class='ocrx_word' id='word_1_163' title='bbox 808 3474 915 3560; x_wconf 80' lang='grc' dir='ltr'><strong><em>χάριν,</em></strong></span> <span class='ocrx_word' id='word_1_164' title='bbox 935 3467 1039 3559; x_wconf 80' lang='grc' dir='ltr'><strong><em>ἥρωα,</em></strong></span> <span class='ocrx_word' id='word_1_165' title='bbox 1059 3480 1168 3550; x_wconf 70' lang='lat' dir='ltr'>dulor,</span> <span class='ocrx_word' id='word_1_166' title='bbox 1187 3469 1385 3556; x_wconf 76' lang='lat' dir='ltr'>apdpotpov,</span> 
     </span>
     <span class='ocr_line' id='line_1_22' title="bbox 214 3575 1386 3669; baseline -0.007 -25"><span class='ocrx_word' id='word_1_167' title='bbox 214 3575 473 3669; x_wconf 76' lang='grc' dir='ltr'><strong><em>τελευτήσαντα,</em></strong></span> <span class='ocrx_word' id='word_1_168' title='bbox 499 3575 740 3662; x_wconf 73' lang='grc' dir='ltr'><strong><em>μετηλλαχότα,</em></strong></span> <span class='ocrx_word' id='word_1_169' title='bbox 769 3575 954 3658; x_wconf 77' lang='grc' dir='ltr'><strong><em>βεβιωκότα</em></strong></span> <span class='ocrx_word' id='word_1_170' title='bbox 976 3578 1044 3642; x_wconf 87' lang='lat' dir='ltr'>sive</span> <span class='ocrx_word' id='word_1_171' title='bbox 1068 3576 1186 3642; x_wconf 85' lang='lat' dir='ltr'>similia</span> <span class='ocrx_word' id='word_1_172' title='bbox 1209 3580 1386 3654; x_wconf 84' lang='lat' dir='ltr'>occurrunt,</span> 
     </span>
     <span class='ocr_line' id='line_1_23' title="bbox 215 3665 1385 3767; baseline -0.004 -19"><span class='ocrx_word' id='word_1_173' title='bbox 215 3682 451 3767; x_wconf 88' lang='lat' dir='ltr'>sepulcrales</span> <span class='ocrx_word' id='word_1_174' title='bbox 481 3682 552 3747; x_wconf 90' lang='lat' dir='ltr'>sint.</span> <span class='ocrx_word' id='word_1_175' title='bbox 603 3681 667 3746; x_wconf 86' lang='lat' dir='ltr'>Sed</span> <span class='ocrx_word' id='word_1_176' title='bbox 698 3702 757 3746; x_wconf 94' lang='lat' dir='ltr'>non</span> <span class='ocrx_word' id='word_1_177' title='bbox 788 3701 912 3765; x_wconf 89' lang='lat' dir='ltr'>semper</span> <span class='ocrx_word' id='word_1_178' title='bbox 941 3686 1008 3745; x_wconf 92' lang='lat' dir='ltr'>tam</span> <span class='ocrx_word' id='word_1_179' title='bbox 1037 3679 1134 3746; x_wconf 87' lang='lat' dir='ltr'>facile</span> <span class='ocrx_word' id='word_1_180' title='bbox 1163 3665 1385 3761; x_wconf 78' lang='lat' dir='ltr'>agnoscuntur.</span> 
     </span>
     <span class='ocr_line' id='line_1_24' title="bbox 215 3777 1384 3869; baseline -0.004 -20"><span class='ocrx_word' id='word_1_181' title='bbox 215 3785 362 3869; x_wconf 80' lang='lat' dir='ltr'>Exempli</span> <span class='ocrx_word' id='word_1_182' title='bbox 384 3785 492 3868; x_wconf 83' lang='lat' dir='ltr'>gratia</span> <span class='ocrx_word' id='word_1_183' title='bbox 513 3784 744 3868; x_wconf 89' lang='lat' dir='ltr'>inscriptiones,</span> <span class='ocrx_word' id='word_1_184' title='bbox 766 3785 797 3847; x_wconf 93' lang='lat' dir='ltr'>in</span> <span class='ocrx_word' id='word_1_185' title='bbox 819 3783 934 3866; x_wconf 89' lang='lat' dir='ltr'>quibus</span> <span class='ocrx_word' id='word_1_186' title='bbox 951 3783 1099 3848; x_wconf 88' lang='lat' dir='ltr'>vocabuli</span> <span class='ocrx_word' id='word_1_187' title='bbox 1114 3777 1300 3860; x_wconf 81' lang='grc' dir='ltr'><strong><em>βεβιωκότα</em></strong></span> <span class='ocrx_word' id='word_1_188' title='bbox 1315 3779 1384 3844; x_wconf 90' lang='lat' dir='ltr'>loco</span> 
     </span>
     <span class='ocr_line' id='line_1_25' title="bbox 214 3883 1384 3973; baseline -0.006 -20"><span class='ocrx_word' id='word_1_189' title='bbox 214 3889 352 3953; x_wconf 86' lang='lat' dir='ltr'>aoristus</span> <span class='ocrx_word' id='word_1_190' title='bbox 380 3883 548 3968; x_wconf 80' lang='grc' dir='ltr'><strong><em>βιώσαντα</em></strong></span> <span class='ocrx_word' id='word_1_191' title='bbox 577 3887 645 3952; x_wconf 89' lang='lat' dir='ltr'>sive</span> <span class='ocrx_word' id='word_1_192' title='bbox 676 3883 821 3973; x_wconf 76' lang='grc' dir='ltr'><strong><em>ζήσαντα</em></strong></span> <span class='ocrx_word' id='word_1_193' title='bbox 850 3892 912 3966; x_wconf 92' lang='lat' dir='ltr'>est,</span> <span class='ocrx_word' id='word_1_194' title='bbox 941 3886 972 3948; x_wconf 90' lang='lat' dir='ltr'>in</span> <span class='ocrx_word' id='word_1_195' title='bbox 1003 3884 1228 3968; x_wconf 89' lang='lat' dir='ltr'>sepulcralium</span> <span class='ocrx_word' id='word_1_196' title='bbox 1255 3901 1384 3946; x_wconf 90' lang='lat' dir='ltr'>numero</span> 
     </span>
     <span class='ocr_line' id='line_1_26' title="bbox 214 3979 1389 4070; baseline -0.006 -16"><span class='ocrx_word' id='word_1_197' title='bbox 214 4011 275 4055; x_wconf 94' lang='lat' dir='ltr'>non</span> <span class='ocrx_word' id='word_1_198' title='bbox 298 3988 464 4055; x_wconf 90' lang='lat' dir='ltr'>ducendae</span> <span class='ocrx_word' id='word_1_199' title='bbox 487 3993 572 4069; x_wconf 92' lang='lat' dir='ltr'>sunt;</span> <span class='ocrx_word' id='word_1_200' title='bbox 594 4009 667 4053; x_wconf 91' lang='lat' dir='ltr'>nam</span> <span class='ocrx_word' id='word_1_201' title='bbox 685 3987 911 4052; x_wconf 82' lang='lat' dir='ltr'>Fraenlrelium</span> <span class='ocrx_word' id='word_1_202' title='bbox 933 3987 977 4052; x_wconf 88' lang='lat' dir='ltr'>ad</span> <span class='ocrx_word' id='word_1_203' title='bbox 992 3988 1145 4051; x_wconf 78' lang='lat' dir='ltr'>Pnnunru.</span> <span class='ocrx_word' id='word_1_204' title='bbox 1163 3987 1231 4066; x_wconf 84' lang='lat'>178,</span> <span class='ocrx_word' id='word_1_205' title='bbox 1254 3984 1309 4067; x_wconf 91' lang='lat' dir='ltr'>qui</span> <span class='ocrx_word' id='word_1_206' title='bbox 1332 3979 1389 4070; x_wconf 75' lang='lat' dir='ltr'>dud</span> 
     </span>
     <span class='ocr_line' id='line_1_27' title="bbox 213 4087 1384 4176; baseline -0.006 -20"><span class='ocrx_word' id='word_1_207' title='bbox 213 4094 290 4171; x_wconf 84' lang='grc' dir='ltr'><strong><em>βίου</em></strong></span> <span class='ocrx_word' id='word_1_208' title='bbox 312 4122 354 4146; x_wconf 93' lang='lat'>=</span> <span class='ocrx_word' id='word_1_209' title='bbox 378 4113 453 4176; x_wconf 82' lang='lat' dir='ltr'>„per</span> <span class='ocrx_word' id='word_1_210' title='bbox 475 4093 574 4156; x_wconf 84' lang='lat' dir='ltr'>vitam</span> <span class='ocrx_word' id='word_1_211' title='bbox 598 4090 704 4156; x_wconf 90' lang='lat' dir='ltr'>adhuc</span> <span class='ocrx_word' id='word_1_212' title='bbox 725 4091 940 4156; x_wconf 88' lang='lat' dir='ltr'>transactam“</span> <span class='ocrx_word' id='word_1_213' title='bbox 965 4109 1035 4154; x_wconf 89' lang='lat' dir='ltr'>esse</span> <span class='ocrx_word' id='word_1_214' title='bbox 1058 4087 1230 4169; x_wconf 88' lang='lat' dir='ltr'>contendit,</span> <span class='ocrx_word' id='word_1_215' title='bbox 1256 4090 1384 4152; x_wconf 88' lang='lat' dir='ltr'>secutus</span> 
     </span>
     <span class='ocr_line' id='line_1_28' title="bbox 213 4191 1383 4276; baseline -0.005 -18"><span class='ocrx_word' id='word_1_216' title='bbox 213 4191 383 4272; x_wconf 79' lang='grc' dir='ltr'><strong><em>βιώσαντα</em></strong></span> <span class='ocrx_word' id='word_1_217' title='bbox 405 4194 491 4259; x_wconf 87' lang='lat' dir='ltr'>idem</span> <span class='ocrx_word' id='word_1_218' title='bbox 514 4194 622 4259; x_wconf 88' lang='lat' dir='ltr'>valere</span> <span class='ocrx_word' id='word_1_219' title='bbox 642 4192 729 4258; x_wconf 91' lang='lat' dir='ltr'>haud</span> <span class='ocrx_word' id='word_1_220' title='bbox 744 4213 867 4276; x_wconf 83' lang='lat' dir='ltr'>negem.</span> <span class='ocrx_word' id='word_1_221' title='bbox 901 4192 1019 4257; x_wconf 79' lang='lat' dir='ltr'>Contra</span> <span class='ocrx_word' id='word_1_222' title='bbox 1034 4211 1095 4256; x_wconf 94' lang='lat' dir='ltr'>non</span> <span class='ocrx_word' id='word_1_223' title='bbox 1111 4211 1243 4274; x_wconf 89' lang='lat' dir='ltr'>parvam</span> <span class='ocrx_word' id='word_1_224' title='bbox 1259 4194 1383 4272; x_wconf 87' lang='lat' dir='ltr'>partem</span> 
     </span>
     <span class='ocr_line' id='line_1_29' title="bbox 213 4283 1382 4379; baseline -0.004 -19"><span class='ocrx_word' id='word_1_225' title='bbox 213 4297 385 4378; x_wconf 86' lang='lat' dir='ltr'>titulorum,</span> <span class='ocrx_word' id='word_1_226' title='bbox 408 4297 462 4379; x_wconf 89' lang='lat' dir='ltr'>qui</span> <span class='ocrx_word' id='word_1_227' title='bbox 485 4296 644 4362; x_wconf 89' lang='lat' dir='ltr'>honorarii</span> <span class='ocrx_word' id='word_1_228' title='bbox 667 4316 687 4360; x_wconf 90' lang='lat' dir='ltr'>a</span> <span class='ocrx_word' id='word_1_229' title='bbox 709 4295 818 4360; x_wconf 89' lang='lat' dir='ltr'>multis</span> <span class='ocrx_word' id='word_1_230' title='bbox 841 4283 998 4376; x_wconf 87' lang='lat' dir='ltr'>dicuntur,</span> <span class='ocrx_word' id='word_1_231' title='bbox 1025 4293 1249 4378; x_wconf 88' lang='lat' dir='ltr'>sepulcraIIum</span> <span class='ocrx_word' id='word_1_232' title='bbox 1272 4293 1382 4375; x_wconf 83' lang='lat' dir='ltr'>generi</span> 
     </span>
     <span class='ocr_line' id='line_1_30' title="bbox 213 4394 1383 4481; baseline -0.003 -19"><span class='ocrx_word' id='word_1_233' title='bbox 213 4399 389 4464; x_wconf 90' lang='lat' dir='ltr'>attribuere</span> <span class='ocrx_word' id='word_1_234' title='bbox 408 4420 471 4464; x_wconf 91' lang='lat' dir='ltr'>non</span> <span class='ocrx_word' id='word_1_235' title='bbox 490 4398 612 4480; x_wconf 91' lang='lat' dir='ltr'>dubito,</span> <span class='ocrx_word' id='word_1_236' title='bbox 635 4399 761 4464; x_wconf 86' lang='lat' dir='ltr'>etiamsi</span> <span class='ocrx_word' id='word_1_237' title='bbox 782 4419 842 4463; x_wconf 92' lang='lat' dir='ltr'>non</span> <span class='ocrx_word' id='word_1_238' title='bbox 862 4397 995 4462; x_wconf 90' lang='lat' dir='ltr'>multum</span> <span class='ocrx_word' id='word_1_239' title='bbox 1016 4418 1035 4461; x_wconf 92' lang='lat' dir='ltr'>a</span> <span class='ocrx_word' id='word_1_240' title='bbox 1055 4396 1233 4461; x_wconf 91' lang='lat' dir='ltr'>honorariis</span> <span class='ocrx_word' id='word_1_241' title='bbox 1253 4394 1383 4481; x_wconf 86' lang='lat' dir='ltr'>differre</span> 
     </span>
     <span class='ocr_line' id='line_1_31' title="bbox 213 4497 1382 4592; baseline -0.003 -27"><span class='ocrx_word' id='word_1_242' title='bbox 213 4501 392 4567; x_wconf 78' lang='lat' dir='ltr'>rideantur.</span> <span class='ocrx_word' id='word_1_243' title='bbox 444 4501 525 4567; x_wconf 91' lang='lat' dir='ltr'>Dico</span> <span class='ocrx_word' id='word_1_244' title='bbox 559 4521 629 4592; x_wconf 81' lang='lat' dir='ltr'>eos,</span> <span class='ocrx_word' id='word_1_245' title='bbox 659 4520 737 4583; x_wconf 88' lang='lat' dir='ltr'>qnos</span> <span class='ocrx_word' id='word_1_246' title='bbox 770 4501 914 4566; x_wconf 91' lang='lat' dir='ltr'>homines</span> <span class='ocrx_word' id='word_1_247' title='bbox 947 4499 1091 4584; x_wconf 77' lang='lat' dir='ltr'>privati</span> <span class='ocrx_word' id='word_1_248' title='bbox 1125 4498 1213 4562; x_wconf 92' lang='lat' dir='ltr'>nulla</span> <span class='ocrx_word' id='word_1_249' title='bbox 1246 4497 1311 4562; x_wconf 85' lang='lat' dir='ltr'>alia</span> <span class='ocrx_word' id='word_1_250' title='bbox 1341 4497 1382 4561; x_wconf 91' lang='lat' dir='ltr'>de</span> 
     </span>
    </p>
   </div>
   <div class='ocr_carea' id='block_1_3' title="bbox 0 0 1652 5132">
    <p class='ocr_par' dir='ltr' id='par_1_5' title="bbox 0 0 1652 5132">
     <span class='ocr_line' id='line_1_32' title="bbox 0 0 1652 5132; baseline 0 4"><span class='ocrx_word' id='word_1_251' title='bbox 0 0 1652 5132; x_wconf 95' lang='lat' dir='ltr'> </span> 
     </span>
    </p>
   </div>
  </div>
 </body>
</html>
